%YAML 1.1
%TAG !u! tag:unity3d.com,2011:
--- !u!29 &1
OcclusionCullingSettings:
  m_ObjectHideFlags: 0
  serializedVersion: 2
  m_OcclusionBakeSettings:
    smallestOccluder: 5
    smallestHole: 0.25
    backfaceThreshold: 100
  m_SceneGUID: 00000000000000000000000000000000
  m_OcclusionCullingData: {fileID: 0}
--- !u!104 &2
RenderSettings:
  m_ObjectHideFlags: 0
  serializedVersion: 9
  m_Fog: 0
  m_FogColor: {r: 0.5, g: 0.5, b: 0.5, a: 1}
  m_FogMode: 3
  m_FogDensity: 0.01
  m_LinearFogStart: 0
  m_LinearFogEnd: 300
  m_AmbientSkyColor: {r: 0.212, g: 0.227, b: 0.259, a: 1}
  m_AmbientEquatorColor: {r: 0.114, g: 0.125, b: 0.133, a: 1}
  m_AmbientGroundColor: {r: 0.047, g: 0.043, b: 0.035, a: 1}
  m_AmbientIntensity: 1
  m_AmbientMode: 0
  m_SubtractiveShadowColor: {r: 0.42, g: 0.478, b: 0.627, a: 1}
  m_SkyboxMaterial: {fileID: 10304, guid: 0000000000000000f000000000000000, type: 0}
  m_HaloStrength: 0.5
  m_FlareStrength: 1
  m_FlareFadeSpeed: 3
  m_HaloTexture: {fileID: 0}
  m_SpotCookie: {fileID: 10001, guid: 0000000000000000e000000000000000, type: 0}
  m_DefaultReflectionMode: 0
  m_DefaultReflectionResolution: 128
  m_ReflectionBounces: 1
  m_ReflectionIntensity: 1
  m_CustomReflection: {fileID: 0}
  m_Sun: {fileID: 0}
  m_IndirectSpecularColor: {r: 0.44657826, g: 0.49641263, b: 0.57481676, a: 1}
  m_UseRadianceAmbientProbe: 0
--- !u!157 &3
LightmapSettings:
  m_ObjectHideFlags: 0
  serializedVersion: 11
  m_GIWorkflowMode: 0
  m_GISettings:
    serializedVersion: 2
    m_BounceScale: 1
    m_IndirectOutputScale: 1
    m_AlbedoBoost: 1
    m_EnvironmentLightingMode: 0
    m_EnableBakedLightmaps: 1
    m_EnableRealtimeLightmaps: 1
  m_LightmapEditorSettings:
    serializedVersion: 10
    m_Resolution: 2
    m_BakeResolution: 40
    m_AtlasSize: 1024
    m_AO: 0
    m_AOMaxDistance: 1
    m_CompAOExponent: 1
    m_CompAOExponentDirect: 0
    m_Padding: 2
    m_LightmapParameters: {fileID: 0}
    m_LightmapsBakeMode: 1
    m_TextureCompression: 1
    m_FinalGather: 0
    m_FinalGatherFiltering: 1
    m_FinalGatherRayCount: 256
    m_ReflectionCompression: 2
    m_MixedBakeMode: 2
    m_BakeBackend: 1
    m_PVRSampling: 1
    m_PVRDirectSampleCount: 32
    m_PVRSampleCount: 500
    m_PVRBounces: 2
    m_PVRFilterTypeDirect: 0
    m_PVRFilterTypeIndirect: 0
    m_PVRFilterTypeAO: 0
    m_PVRFilteringMode: 1
    m_PVRCulling: 1
    m_PVRFilteringGaussRadiusDirect: 1
    m_PVRFilteringGaussRadiusIndirect: 5
    m_PVRFilteringGaussRadiusAO: 2
    m_PVRFilteringAtrousPositionSigmaDirect: 0.5
    m_PVRFilteringAtrousPositionSigmaIndirect: 2
    m_PVRFilteringAtrousPositionSigmaAO: 1
    m_ShowResolutionOverlay: 1
  m_LightingDataAsset: {fileID: 0}
  m_UseShadowmask: 1
--- !u!196 &4
NavMeshSettings:
  serializedVersion: 2
  m_ObjectHideFlags: 0
  m_BuildSettings:
    serializedVersion: 2
    agentTypeID: 0
    agentRadius: 0.5
    agentHeight: 2
    agentSlope: 45
    agentClimb: 0.4
    ledgeDropHeight: 0
    maxJumpAcrossDistance: 0
    minRegionArea: 2
    manualCellSize: 0
    cellSize: 0.16666667
    manualTileSize: 0
    tileSize: 256
    accuratePlacement: 0
    debug:
      m_Flags: 0
  m_NavMeshData: {fileID: 0}
--- !u!1001 &107162774
PrefabInstance:
  m_ObjectHideFlags: 0
  serializedVersion: 2
  m_Modification:
    m_TransformParent: {fileID: 0}
    m_Modifications:
    - target: {fileID: 1750106750407176, guid: e4bdbc0565e646e4290e64200c72e1da, type: 3}
      propertyPath: m_Name
      value: terrain_yellow (1)
      objectReference: {fileID: 0}
    - target: {fileID: 4098368727687454, guid: e4bdbc0565e646e4290e64200c72e1da, type: 3}
      propertyPath: m_LocalPosition.x
      value: 439.7
      objectReference: {fileID: 0}
    - target: {fileID: 4098368727687454, guid: e4bdbc0565e646e4290e64200c72e1da, type: 3}
      propertyPath: m_LocalPosition.y
      value: 8.75
      objectReference: {fileID: 0}
    - target: {fileID: 4098368727687454, guid: e4bdbc0565e646e4290e64200c72e1da, type: 3}
      propertyPath: m_LocalPosition.z
      value: 444.8
      objectReference: {fileID: 0}
    - target: {fileID: 4098368727687454, guid: e4bdbc0565e646e4290e64200c72e1da, type: 3}
      propertyPath: m_LocalRotation.x
      value: -0
      objectReference: {fileID: 0}
    - target: {fileID: 4098368727687454, guid: e4bdbc0565e646e4290e64200c72e1da, type: 3}
      propertyPath: m_LocalRotation.y
      value: -0.026083479
      objectReference: {fileID: 0}
    - target: {fileID: 4098368727687454, guid: e4bdbc0565e646e4290e64200c72e1da, type: 3}
      propertyPath: m_LocalRotation.z
      value: -0
      objectReference: {fileID: 0}
    - target: {fileID: 4098368727687454, guid: e4bdbc0565e646e4290e64200c72e1da, type: 3}
      propertyPath: m_LocalRotation.w
      value: 0.9996598
      objectReference: {fileID: 0}
    - target: {fileID: 4098368727687454, guid: e4bdbc0565e646e4290e64200c72e1da, type: 3}
      propertyPath: m_RootOrder
      value: 7
      objectReference: {fileID: 0}
    - target: {fileID: 4098368727687454, guid: e4bdbc0565e646e4290e64200c72e1da, type: 3}
      propertyPath: m_LocalEulerAnglesHint.x
      value: 0
      objectReference: {fileID: 0}
    - target: {fileID: 4098368727687454, guid: e4bdbc0565e646e4290e64200c72e1da, type: 3}
      propertyPath: m_LocalEulerAnglesHint.y
      value: -2.989
      objectReference: {fileID: 0}
    - target: {fileID: 4098368727687454, guid: e4bdbc0565e646e4290e64200c72e1da, type: 3}
      propertyPath: m_LocalEulerAnglesHint.z
      value: 0
      objectReference: {fileID: 0}
    - target: {fileID: 4098368727687454, guid: e4bdbc0565e646e4290e64200c72e1da, type: 3}
      propertyPath: m_LocalScale.z
      value: 10.105891
      objectReference: {fileID: 0}
    m_RemovedComponents: []
  m_SourcePrefab: {fileID: 100100000, guid: e4bdbc0565e646e4290e64200c72e1da, type: 3}
--- !u!1001 &200033701
PrefabInstance:
  m_ObjectHideFlags: 0
  serializedVersion: 2
  m_Modification:
    m_TransformParent: {fileID: 0}
    m_Modifications:
    - target: {fileID: 1750106750407176, guid: e4bdbc0565e646e4290e64200c72e1da, type: 3}
      propertyPath: m_Name
      value: terrain_yellow (4)
      objectReference: {fileID: 0}
    - target: {fileID: 4098368727687454, guid: e4bdbc0565e646e4290e64200c72e1da, type: 3}
      propertyPath: m_LocalPosition.x
      value: 289.8
      objectReference: {fileID: 0}
    - target: {fileID: 4098368727687454, guid: e4bdbc0565e646e4290e64200c72e1da, type: 3}
      propertyPath: m_LocalPosition.y
      value: 7.5
      objectReference: {fileID: 0}
    - target: {fileID: 4098368727687454, guid: e4bdbc0565e646e4290e64200c72e1da, type: 3}
      propertyPath: m_LocalPosition.z
      value: 683.7
      objectReference: {fileID: 0}
    - target: {fileID: 4098368727687454, guid: e4bdbc0565e646e4290e64200c72e1da, type: 3}
      propertyPath: m_LocalRotation.x
      value: -0
      objectReference: {fileID: 0}
    - target: {fileID: 4098368727687454, guid: e4bdbc0565e646e4290e64200c72e1da, type: 3}
      propertyPath: m_LocalRotation.y
      value: -0.6280207
      objectReference: {fileID: 0}
    - target: {fileID: 4098368727687454, guid: e4bdbc0565e646e4290e64200c72e1da, type: 3}
      propertyPath: m_LocalRotation.z
      value: -0
      objectReference: {fileID: 0}
    - target: {fileID: 4098368727687454, guid: e4bdbc0565e646e4290e64200c72e1da, type: 3}
      propertyPath: m_LocalRotation.w
      value: 0.77819663
      objectReference: {fileID: 0}
    - target: {fileID: 4098368727687454, guid: e4bdbc0565e646e4290e64200c72e1da, type: 3}
      propertyPath: m_RootOrder
      value: 10
      objectReference: {fileID: 0}
    - target: {fileID: 4098368727687454, guid: e4bdbc0565e646e4290e64200c72e1da, type: 3}
      propertyPath: m_LocalEulerAnglesHint.x
      value: 0
      objectReference: {fileID: 0}
    - target: {fileID: 4098368727687454, guid: e4bdbc0565e646e4290e64200c72e1da, type: 3}
      propertyPath: m_LocalEulerAnglesHint.y
      value: -77.80801
      objectReference: {fileID: 0}
    - target: {fileID: 4098368727687454, guid: e4bdbc0565e646e4290e64200c72e1da, type: 3}
      propertyPath: m_LocalEulerAnglesHint.z
      value: 0
      objectReference: {fileID: 0}
    - target: {fileID: 4098368727687454, guid: e4bdbc0565e646e4290e64200c72e1da, type: 3}
      propertyPath: m_LocalScale.z
      value: 17.929018
      objectReference: {fileID: 0}
    - target: {fileID: 4098368727687454, guid: e4bdbc0565e646e4290e64200c72e1da, type: 3}
      propertyPath: m_LocalScale.x
      value: 8.220922
      objectReference: {fileID: 0}
    m_RemovedComponents: []
  m_SourcePrefab: {fileID: 100100000, guid: e4bdbc0565e646e4290e64200c72e1da, type: 3}
--- !u!1001 &272382562
PrefabInstance:
  m_ObjectHideFlags: 0
  serializedVersion: 2
  m_Modification:
    m_TransformParent: {fileID: 1988184801}
    m_Modifications:
    - target: {fileID: 1712469483851906, guid: 1772e0a2d49ec3c4bb9d9828da985b60, type: 3}
      propertyPath: m_Name
      value: Stone1 (1)
      objectReference: {fileID: 0}
    - target: {fileID: 4729904168210634, guid: 1772e0a2d49ec3c4bb9d9828da985b60, type: 3}
      propertyPath: m_LocalPosition.x
      value: 0.52995837
      objectReference: {fileID: 0}
    - target: {fileID: 4729904168210634, guid: 1772e0a2d49ec3c4bb9d9828da985b60, type: 3}
      propertyPath: m_LocalPosition.y
      value: -0.36666664
      objectReference: {fileID: 0}
    - target: {fileID: 4729904168210634, guid: 1772e0a2d49ec3c4bb9d9828da985b60, type: 3}
      propertyPath: m_LocalPosition.z
      value: -1.2716143
      objectReference: {fileID: 0}
    - target: {fileID: 4729904168210634, guid: 1772e0a2d49ec3c4bb9d9828da985b60, type: 3}
      propertyPath: m_LocalRotation.x
      value: 0.418324
      objectReference: {fileID: 0}
    - target: {fileID: 4729904168210634, guid: 1772e0a2d49ec3c4bb9d9828da985b60, type: 3}
      propertyPath: m_LocalRotation.y
      value: 0.8547306
      objectReference: {fileID: 0}
    - target: {fileID: 4729904168210634, guid: 1772e0a2d49ec3c4bb9d9828da985b60, type: 3}
      propertyPath: m_LocalRotation.z
      value: 0.066063724
      objectReference: {fileID: 0}
    - target: {fileID: 4729904168210634, guid: 1772e0a2d49ec3c4bb9d9828da985b60, type: 3}
      propertyPath: m_LocalRotation.w
      value: -0.30012694
      objectReference: {fileID: 0}
    - target: {fileID: 4729904168210634, guid: 1772e0a2d49ec3c4bb9d9828da985b60, type: 3}
      propertyPath: m_RootOrder
      value: 1
      objectReference: {fileID: 0}
    - target: {fileID: 4729904168210634, guid: 1772e0a2d49ec3c4bb9d9828da985b60, type: 3}
      propertyPath: m_LocalEulerAnglesHint.x
      value: -21.348001
      objectReference: {fileID: 0}
    - target: {fileID: 4729904168210634, guid: 1772e0a2d49ec3c4bb9d9828da985b60, type: 3}
      propertyPath: m_LocalEulerAnglesHint.y
      value: 2.0800002
      objectReference: {fileID: 0}
    - target: {fileID: 4729904168210634, guid: 1772e0a2d49ec3c4bb9d9828da985b60, type: 3}
      propertyPath: m_LocalEulerAnglesHint.z
      value: 46.487003
      objectReference: {fileID: 0}
    - target: {fileID: 4729904168210634, guid: 1772e0a2d49ec3c4bb9d9828da985b60, type: 3}
      propertyPath: m_LocalScale.y
      value: 0.69051135
      objectReference: {fileID: 0}
    - target: {fileID: 4729904168210634, guid: 1772e0a2d49ec3c4bb9d9828da985b60, type: 3}
      propertyPath: m_LocalScale.x
      value: 0.47820473
      objectReference: {fileID: 0}
    - target: {fileID: 4729904168210634, guid: 1772e0a2d49ec3c4bb9d9828da985b60, type: 3}
      propertyPath: m_LocalScale.z
      value: 0.15635075
      objectReference: {fileID: 0}
    m_RemovedComponents: []
  m_SourcePrefab: {fileID: 100100000, guid: 1772e0a2d49ec3c4bb9d9828da985b60, type: 3}
--- !u!1001 &345340775
PrefabInstance:
  m_ObjectHideFlags: 0
  serializedVersion: 2
  m_Modification:
    m_TransformParent: {fileID: 1358331918}
    m_Modifications:
    - target: {fileID: 1645689027861864, guid: 28a9504304c0b0c4d9dc2b3ec011e457, type: 3}
      propertyPath: m_Name
      value: ZLP_Water_A_1 (2)
      objectReference: {fileID: 0}
    - target: {fileID: 4719293276615058, guid: 28a9504304c0b0c4d9dc2b3ec011e457, type: 3}
      propertyPath: m_LocalPosition.x
      value: 449
      objectReference: {fileID: 0}
    - target: {fileID: 4719293276615058, guid: 28a9504304c0b0c4d9dc2b3ec011e457, type: 3}
      propertyPath: m_LocalPosition.y
      value: 7
      objectReference: {fileID: 0}
    - target: {fileID: 4719293276615058, guid: 28a9504304c0b0c4d9dc2b3ec011e457, type: 3}
      propertyPath: m_LocalPosition.z
      value: 663
      objectReference: {fileID: 0}
    - target: {fileID: 4719293276615058, guid: 28a9504304c0b0c4d9dc2b3ec011e457, type: 3}
      propertyPath: m_LocalRotation.x
      value: -0
      objectReference: {fileID: 0}
    - target: {fileID: 4719293276615058, guid: 28a9504304c0b0c4d9dc2b3ec011e457, type: 3}
      propertyPath: m_LocalRotation.y
      value: 0.7071068
      objectReference: {fileID: 0}
    - target: {fileID: 4719293276615058, guid: 28a9504304c0b0c4d9dc2b3ec011e457, type: 3}
      propertyPath: m_LocalRotation.z
      value: -0
      objectReference: {fileID: 0}
    - target: {fileID: 4719293276615058, guid: 28a9504304c0b0c4d9dc2b3ec011e457, type: 3}
      propertyPath: m_LocalRotation.w
      value: 0.7071068
      objectReference: {fileID: 0}
    - target: {fileID: 4719293276615058, guid: 28a9504304c0b0c4d9dc2b3ec011e457, type: 3}
      propertyPath: m_RootOrder
      value: 2
      objectReference: {fileID: 0}
    - target: {fileID: 4719293276615058, guid: 28a9504304c0b0c4d9dc2b3ec011e457, type: 3}
      propertyPath: m_LocalEulerAnglesHint.x
      value: 0
      objectReference: {fileID: 0}
    - target: {fileID: 4719293276615058, guid: 28a9504304c0b0c4d9dc2b3ec011e457, type: 3}
      propertyPath: m_LocalEulerAnglesHint.y
      value: 90
      objectReference: {fileID: 0}
    - target: {fileID: 4719293276615058, guid: 28a9504304c0b0c4d9dc2b3ec011e457, type: 3}
      propertyPath: m_LocalEulerAnglesHint.z
      value: 0
      objectReference: {fileID: 0}
    - target: {fileID: 4719293276615058, guid: 28a9504304c0b0c4d9dc2b3ec011e457, type: 3}
      propertyPath: m_LocalScale.x
      value: 40.000015
      objectReference: {fileID: 0}
    - target: {fileID: 4719293276615058, guid: 28a9504304c0b0c4d9dc2b3ec011e457, type: 3}
      propertyPath: m_LocalScale.z
      value: 30.000015
      objectReference: {fileID: 0}
    - target: {fileID: 23772166182918138, guid: 28a9504304c0b0c4d9dc2b3ec011e457,
        type: 3}
      propertyPath: m_Materials.Array.data[0]
      value: 
      objectReference: {fileID: 2100000, guid: 0d77c5fba54a2cf48a81740337549b96, type: 2}
    m_RemovedComponents: []
  m_SourcePrefab: {fileID: 100100000, guid: 28a9504304c0b0c4d9dc2b3ec011e457, type: 3}
--- !u!4 &345340776 stripped
Transform:
  m_CorrespondingSourceObject: {fileID: 4719293276615058, guid: 28a9504304c0b0c4d9dc2b3ec011e457,
    type: 3}
  m_PrefabInstance: {fileID: 345340775}
  m_PrefabAsset: {fileID: 0}
--- !u!1001 &540789014
PrefabInstance:
  m_ObjectHideFlags: 0
  serializedVersion: 2
  m_Modification:
    m_TransformParent: {fileID: 0}
    m_Modifications:
    - target: {fileID: 1750106750407176, guid: e4bdbc0565e646e4290e64200c72e1da, type: 3}
      propertyPath: m_Name
      value: terrain_yellow (5)
      objectReference: {fileID: 0}
    - target: {fileID: 4098368727687454, guid: e4bdbc0565e646e4290e64200c72e1da, type: 3}
      propertyPath: m_LocalPosition.x
      value: 314.8
      objectReference: {fileID: 0}
    - target: {fileID: 4098368727687454, guid: e4bdbc0565e646e4290e64200c72e1da, type: 3}
      propertyPath: m_LocalPosition.y
      value: 7
      objectReference: {fileID: 0}
    - target: {fileID: 4098368727687454, guid: e4bdbc0565e646e4290e64200c72e1da, type: 3}
      propertyPath: m_LocalPosition.z
      value: 679.5
      objectReference: {fileID: 0}
    - target: {fileID: 4098368727687454, guid: e4bdbc0565e646e4290e64200c72e1da, type: 3}
      propertyPath: m_LocalRotation.x
      value: -0
      objectReference: {fileID: 0}
    - target: {fileID: 4098368727687454, guid: e4bdbc0565e646e4290e64200c72e1da, type: 3}
      propertyPath: m_LocalRotation.y
      value: -0.16216719
      objectReference: {fileID: 0}
    - target: {fileID: 4098368727687454, guid: e4bdbc0565e646e4290e64200c72e1da, type: 3}
      propertyPath: m_LocalRotation.z
      value: -0
      objectReference: {fileID: 0}
    - target: {fileID: 4098368727687454, guid: e4bdbc0565e646e4290e64200c72e1da, type: 3}
      propertyPath: m_LocalRotation.w
      value: 0.9867633
      objectReference: {fileID: 0}
    - target: {fileID: 4098368727687454, guid: e4bdbc0565e646e4290e64200c72e1da, type: 3}
      propertyPath: m_RootOrder
      value: 11
      objectReference: {fileID: 0}
    - target: {fileID: 4098368727687454, guid: e4bdbc0565e646e4290e64200c72e1da, type: 3}
      propertyPath: m_LocalEulerAnglesHint.x
      value: 0
      objectReference: {fileID: 0}
    - target: {fileID: 4098368727687454, guid: e4bdbc0565e646e4290e64200c72e1da, type: 3}
      propertyPath: m_LocalEulerAnglesHint.y
      value: -18.665
      objectReference: {fileID: 0}
    - target: {fileID: 4098368727687454, guid: e4bdbc0565e646e4290e64200c72e1da, type: 3}
      propertyPath: m_LocalEulerAnglesHint.z
      value: 0
      objectReference: {fileID: 0}
    - target: {fileID: 4098368727687454, guid: e4bdbc0565e646e4290e64200c72e1da, type: 3}
      propertyPath: m_LocalScale.z
      value: 78.864334
      objectReference: {fileID: 0}
    - target: {fileID: 4098368727687454, guid: e4bdbc0565e646e4290e64200c72e1da, type: 3}
      propertyPath: m_LocalScale.x
      value: 26.508844
      objectReference: {fileID: 0}
    m_RemovedComponents: []
  m_SourcePrefab: {fileID: 100100000, guid: e4bdbc0565e646e4290e64200c72e1da, type: 3}
--- !u!1001 &566601192
PrefabInstance:
  m_ObjectHideFlags: 0
  serializedVersion: 2
  m_Modification:
    m_TransformParent: {fileID: 1358331918}
    m_Modifications:
    - target: {fileID: 1645689027861864, guid: 28a9504304c0b0c4d9dc2b3ec011e457, type: 3}
      propertyPath: m_Name
      value: ZLP_Water_A_1 (6)
      objectReference: {fileID: 0}
    - target: {fileID: 4719293276615058, guid: 28a9504304c0b0c4d9dc2b3ec011e457, type: 3}
      propertyPath: m_LocalPosition.x
      value: 875.6
      objectReference: {fileID: 0}
    - target: {fileID: 4719293276615058, guid: 28a9504304c0b0c4d9dc2b3ec011e457, type: 3}
      propertyPath: m_LocalPosition.y
      value: 12.7
      objectReference: {fileID: 0}
    - target: {fileID: 4719293276615058, guid: 28a9504304c0b0c4d9dc2b3ec011e457, type: 3}
      propertyPath: m_LocalPosition.z
      value: 536.9
      objectReference: {fileID: 0}
    - target: {fileID: 4719293276615058, guid: 28a9504304c0b0c4d9dc2b3ec011e457, type: 3}
      propertyPath: m_LocalRotation.x
      value: 0.01110674
      objectReference: {fileID: 0}
    - target: {fileID: 4719293276615058, guid: 28a9504304c0b0c4d9dc2b3ec011e457, type: 3}
      propertyPath: m_LocalRotation.y
      value: 0.70701957
      objectReference: {fileID: 0}
    - target: {fileID: 4719293276615058, guid: 28a9504304c0b0c4d9dc2b3ec011e457, type: 3}
      propertyPath: m_LocalRotation.z
      value: 0.01110674
      objectReference: {fileID: 0}
    - target: {fileID: 4719293276615058, guid: 28a9504304c0b0c4d9dc2b3ec011e457, type: 3}
      propertyPath: m_LocalRotation.w
      value: 0.70701957
      objectReference: {fileID: 0}
    - target: {fileID: 4719293276615058, guid: 28a9504304c0b0c4d9dc2b3ec011e457, type: 3}
      propertyPath: m_RootOrder
      value: 6
      objectReference: {fileID: 0}
    - target: {fileID: 4719293276615058, guid: 28a9504304c0b0c4d9dc2b3ec011e457, type: 3}
      propertyPath: m_LocalEulerAnglesHint.x
      value: 0
      objectReference: {fileID: 0}
    - target: {fileID: 4719293276615058, guid: 28a9504304c0b0c4d9dc2b3ec011e457, type: 3}
      propertyPath: m_LocalEulerAnglesHint.y
      value: 90
      objectReference: {fileID: 0}
    - target: {fileID: 4719293276615058, guid: 28a9504304c0b0c4d9dc2b3ec011e457, type: 3}
      propertyPath: m_LocalEulerAnglesHint.z
      value: 1.8
      objectReference: {fileID: 0}
    - target: {fileID: 4719293276615058, guid: 28a9504304c0b0c4d9dc2b3ec011e457, type: 3}
      propertyPath: m_LocalScale.x
      value: 30
      objectReference: {fileID: 0}
    - target: {fileID: 4719293276615058, guid: 28a9504304c0b0c4d9dc2b3ec011e457, type: 3}
      propertyPath: m_LocalScale.z
      value: 20
      objectReference: {fileID: 0}
    - target: {fileID: 23772166182918138, guid: 28a9504304c0b0c4d9dc2b3ec011e457,
        type: 3}
      propertyPath: m_Materials.Array.data[0]
      value: 
      objectReference: {fileID: 2100000, guid: 0d77c5fba54a2cf48a81740337549b96, type: 2}
    m_RemovedComponents: []
  m_SourcePrefab: {fileID: 100100000, guid: 28a9504304c0b0c4d9dc2b3ec011e457, type: 3}
--- !u!4 &566601193 stripped
Transform:
  m_CorrespondingSourceObject: {fileID: 4719293276615058, guid: 28a9504304c0b0c4d9dc2b3ec011e457,
    type: 3}
  m_PrefabInstance: {fileID: 566601192}
  m_PrefabAsset: {fileID: 0}
--- !u!1001 &581535226
PrefabInstance:
  m_ObjectHideFlags: 0
  serializedVersion: 2
  m_Modification:
    m_TransformParent: {fileID: 1358331918}
    m_Modifications:
    - target: {fileID: 1645689027861864, guid: 28a9504304c0b0c4d9dc2b3ec011e457, type: 3}
      propertyPath: m_Name
      value: ZLP_Water_A_1 (4)
      objectReference: {fileID: 0}
    - target: {fileID: 4719293276615058, guid: 28a9504304c0b0c4d9dc2b3ec011e457, type: 3}
      propertyPath: m_LocalPosition.x
      value: 760
      objectReference: {fileID: 0}
    - target: {fileID: 4719293276615058, guid: 28a9504304c0b0c4d9dc2b3ec011e457, type: 3}
      propertyPath: m_LocalPosition.y
      value: 7
      objectReference: {fileID: 0}
    - target: {fileID: 4719293276615058, guid: 28a9504304c0b0c4d9dc2b3ec011e457, type: 3}
      propertyPath: m_LocalPosition.z
      value: 749
      objectReference: {fileID: 0}
    - target: {fileID: 4719293276615058, guid: 28a9504304c0b0c4d9dc2b3ec011e457, type: 3}
      propertyPath: m_LocalRotation.x
      value: -0
      objectReference: {fileID: 0}
    - target: {fileID: 4719293276615058, guid: 28a9504304c0b0c4d9dc2b3ec011e457, type: 3}
      propertyPath: m_LocalRotation.y
      value: -0
      objectReference: {fileID: 0}
    - target: {fileID: 4719293276615058, guid: 28a9504304c0b0c4d9dc2b3ec011e457, type: 3}
      propertyPath: m_LocalRotation.z
      value: -0
      objectReference: {fileID: 0}
    - target: {fileID: 4719293276615058, guid: 28a9504304c0b0c4d9dc2b3ec011e457, type: 3}
      propertyPath: m_LocalRotation.w
      value: 1
      objectReference: {fileID: 0}
    - target: {fileID: 4719293276615058, guid: 28a9504304c0b0c4d9dc2b3ec011e457, type: 3}
      propertyPath: m_RootOrder
      value: 4
      objectReference: {fileID: 0}
    - target: {fileID: 4719293276615058, guid: 28a9504304c0b0c4d9dc2b3ec011e457, type: 3}
      propertyPath: m_LocalEulerAnglesHint.x
      value: 0
      objectReference: {fileID: 0}
    - target: {fileID: 4719293276615058, guid: 28a9504304c0b0c4d9dc2b3ec011e457, type: 3}
      propertyPath: m_LocalEulerAnglesHint.y
      value: 0
      objectReference: {fileID: 0}
    - target: {fileID: 4719293276615058, guid: 28a9504304c0b0c4d9dc2b3ec011e457, type: 3}
      propertyPath: m_LocalEulerAnglesHint.z
      value: 0
      objectReference: {fileID: 0}
    - target: {fileID: 4719293276615058, guid: 28a9504304c0b0c4d9dc2b3ec011e457, type: 3}
      propertyPath: m_LocalScale.x
      value: 40
      objectReference: {fileID: 0}
    - target: {fileID: 4719293276615058, guid: 28a9504304c0b0c4d9dc2b3ec011e457, type: 3}
      propertyPath: m_LocalScale.z
      value: 20
      objectReference: {fileID: 0}
    - target: {fileID: 23772166182918138, guid: 28a9504304c0b0c4d9dc2b3ec011e457,
        type: 3}
      propertyPath: m_Materials.Array.data[0]
      value: 
      objectReference: {fileID: 2100000, guid: 0d77c5fba54a2cf48a81740337549b96, type: 2}
    m_RemovedComponents: []
  m_SourcePrefab: {fileID: 100100000, guid: 28a9504304c0b0c4d9dc2b3ec011e457, type: 3}
--- !u!4 &581535227 stripped
Transform:
  m_CorrespondingSourceObject: {fileID: 4719293276615058, guid: 28a9504304c0b0c4d9dc2b3ec011e457,
    type: 3}
  m_PrefabInstance: {fileID: 581535226}
  m_PrefabAsset: {fileID: 0}
--- !u!1001 &589931563
PrefabInstance:
  m_ObjectHideFlags: 0
  serializedVersion: 2
  m_Modification:
    m_TransformParent: {fileID: 1988184801}
    m_Modifications:
    - target: {fileID: 1712469483851906, guid: 1772e0a2d49ec3c4bb9d9828da985b60, type: 3}
      propertyPath: m_Name
      value: Stone1
      objectReference: {fileID: 0}
    - target: {fileID: 4729904168210634, guid: 1772e0a2d49ec3c4bb9d9828da985b60, type: 3}
      propertyPath: m_LocalPosition.x
      value: 0.33958763
      objectReference: {fileID: 0}
    - target: {fileID: 4729904168210634, guid: 1772e0a2d49ec3c4bb9d9828da985b60, type: 3}
      propertyPath: m_LocalPosition.y
      value: -0.4833333
      objectReference: {fileID: 0}
    - target: {fileID: 4729904168210634, guid: 1772e0a2d49ec3c4bb9d9828da985b60, type: 3}
      propertyPath: m_LocalPosition.z
      value: -1.229048
      objectReference: {fileID: 0}
    - target: {fileID: 4729904168210634, guid: 1772e0a2d49ec3c4bb9d9828da985b60, type: 3}
      propertyPath: m_LocalRotation.x
      value: 0.47601253
      objectReference: {fileID: 0}
    - target: {fileID: 4729904168210634, guid: 1772e0a2d49ec3c4bb9d9828da985b60, type: 3}
      propertyPath: m_LocalRotation.y
      value: 0.5564544
      objectReference: {fileID: 0}
    - target: {fileID: 4729904168210634, guid: 1772e0a2d49ec3c4bb9d9828da985b60, type: 3}
      propertyPath: m_LocalRotation.z
      value: -0.42733747
      objectReference: {fileID: 0}
    - target: {fileID: 4729904168210634, guid: 1772e0a2d49ec3c4bb9d9828da985b60, type: 3}
      propertyPath: m_LocalRotation.w
      value: -0.5302389
      objectReference: {fileID: 0}
    - target: {fileID: 4729904168210634, guid: 1772e0a2d49ec3c4bb9d9828da985b60, type: 3}
      propertyPath: m_RootOrder
      value: 0
      objectReference: {fileID: 0}
    - target: {fileID: 4729904168210634, guid: 1772e0a2d49ec3c4bb9d9828da985b60, type: 3}
      propertyPath: m_LocalEulerAnglesHint.x
      value: -1.674
      objectReference: {fileID: 0}
    - target: {fileID: 4729904168210634, guid: 1772e0a2d49ec3c4bb9d9828da985b60, type: 3}
      propertyPath: m_LocalEulerAnglesHint.y
      value: 58.483
      objectReference: {fileID: 0}
    - target: {fileID: 4729904168210634, guid: 1772e0a2d49ec3c4bb9d9828da985b60, type: 3}
      propertyPath: m_LocalEulerAnglesHint.z
      value: 79.533005
      objectReference: {fileID: 0}
    - target: {fileID: 4729904168210634, guid: 1772e0a2d49ec3c4bb9d9828da985b60, type: 3}
      propertyPath: m_LocalScale.z
      value: 5.388677
      objectReference: {fileID: 0}
    - target: {fileID: 4729904168210634, guid: 1772e0a2d49ec3c4bb9d9828da985b60, type: 3}
      propertyPath: m_LocalScale.y
      value: 0.40557083
      objectReference: {fileID: 0}
    - target: {fileID: 4729904168210634, guid: 1772e0a2d49ec3c4bb9d9828da985b60, type: 3}
      propertyPath: m_LocalScale.x
      value: 0.75643563
      objectReference: {fileID: 0}
    m_RemovedComponents: []
  m_SourcePrefab: {fileID: 100100000, guid: 1772e0a2d49ec3c4bb9d9828da985b60, type: 3}
--- !u!1001 &895409250
PrefabInstance:
  m_ObjectHideFlags: 0
  serializedVersion: 2
  m_Modification:
    m_TransformParent: {fileID: 1358331918}
    m_Modifications:
    - target: {fileID: 1645689027861864, guid: 28a9504304c0b0c4d9dc2b3ec011e457, type: 3}
      propertyPath: m_Name
      value: ZLP_Water_A_1 (3)
      objectReference: {fileID: 0}
    - target: {fileID: 4719293276615058, guid: 28a9504304c0b0c4d9dc2b3ec011e457, type: 3}
      propertyPath: m_LocalPosition.x
      value: 560
      objectReference: {fileID: 0}
    - target: {fileID: 4719293276615058, guid: 28a9504304c0b0c4d9dc2b3ec011e457, type: 3}
      propertyPath: m_LocalPosition.y
      value: 7
      objectReference: {fileID: 0}
    - target: {fileID: 4719293276615058, guid: 28a9504304c0b0c4d9dc2b3ec011e457, type: 3}
      propertyPath: m_LocalPosition.z
      value: 838
      objectReference: {fileID: 0}
    - target: {fileID: 4719293276615058, guid: 28a9504304c0b0c4d9dc2b3ec011e457, type: 3}
      propertyPath: m_LocalRotation.x
      value: -0
      objectReference: {fileID: 0}
    - target: {fileID: 4719293276615058, guid: 28a9504304c0b0c4d9dc2b3ec011e457, type: 3}
      propertyPath: m_LocalRotation.y
      value: -0
      objectReference: {fileID: 0}
    - target: {fileID: 4719293276615058, guid: 28a9504304c0b0c4d9dc2b3ec011e457, type: 3}
      propertyPath: m_LocalRotation.z
      value: -0
      objectReference: {fileID: 0}
    - target: {fileID: 4719293276615058, guid: 28a9504304c0b0c4d9dc2b3ec011e457, type: 3}
      propertyPath: m_LocalRotation.w
      value: 1
      objectReference: {fileID: 0}
    - target: {fileID: 4719293276615058, guid: 28a9504304c0b0c4d9dc2b3ec011e457, type: 3}
      propertyPath: m_RootOrder
      value: 3
      objectReference: {fileID: 0}
    - target: {fileID: 4719293276615058, guid: 28a9504304c0b0c4d9dc2b3ec011e457, type: 3}
      propertyPath: m_LocalEulerAnglesHint.x
      value: 0
      objectReference: {fileID: 0}
    - target: {fileID: 4719293276615058, guid: 28a9504304c0b0c4d9dc2b3ec011e457, type: 3}
      propertyPath: m_LocalEulerAnglesHint.y
      value: 0
      objectReference: {fileID: 0}
    - target: {fileID: 4719293276615058, guid: 28a9504304c0b0c4d9dc2b3ec011e457, type: 3}
      propertyPath: m_LocalEulerAnglesHint.z
      value: 0
      objectReference: {fileID: 0}
    - target: {fileID: 4719293276615058, guid: 28a9504304c0b0c4d9dc2b3ec011e457, type: 3}
      propertyPath: m_LocalScale.x
      value: 40
      objectReference: {fileID: 0}
    - target: {fileID: 4719293276615058, guid: 28a9504304c0b0c4d9dc2b3ec011e457, type: 3}
      propertyPath: m_LocalScale.z
      value: 30
      objectReference: {fileID: 0}
    - target: {fileID: 23772166182918138, guid: 28a9504304c0b0c4d9dc2b3ec011e457,
        type: 3}
      propertyPath: m_Materials.Array.data[0]
      value: 
      objectReference: {fileID: 2100000, guid: 0d77c5fba54a2cf48a81740337549b96, type: 2}
    m_RemovedComponents: []
  m_SourcePrefab: {fileID: 100100000, guid: 28a9504304c0b0c4d9dc2b3ec011e457, type: 3}
--- !u!4 &895409251 stripped
Transform:
  m_CorrespondingSourceObject: {fileID: 4719293276615058, guid: 28a9504304c0b0c4d9dc2b3ec011e457,
    type: 3}
  m_PrefabInstance: {fileID: 895409250}
  m_PrefabAsset: {fileID: 0}
--- !u!1001 &970205787
PrefabInstance:
  m_ObjectHideFlags: 0
  serializedVersion: 2
  m_Modification:
    m_TransformParent: {fileID: 0}
    m_Modifications:
    - target: {fileID: 1321964172117774, guid: 213ebf20e0c062349a9a7afb9a9562fd, type: 3}
      propertyPath: m_Name
      value: Bridge
      objectReference: {fileID: 0}
    - target: {fileID: 4661450627090144, guid: 213ebf20e0c062349a9a7afb9a9562fd, type: 3}
      propertyPath: m_LocalPosition.x
      value: 424.08
      objectReference: {fileID: 0}
    - target: {fileID: 4661450627090144, guid: 213ebf20e0c062349a9a7afb9a9562fd, type: 3}
      propertyPath: m_LocalPosition.y
      value: 8.62
      objectReference: {fileID: 0}
    - target: {fileID: 4661450627090144, guid: 213ebf20e0c062349a9a7afb9a9562fd, type: 3}
      propertyPath: m_LocalPosition.z
      value: 489.84
      objectReference: {fileID: 0}
    - target: {fileID: 4661450627090144, guid: 213ebf20e0c062349a9a7afb9a9562fd, type: 3}
      propertyPath: m_LocalRotation.x
      value: 1.9852401e-17
      objectReference: {fileID: 0}
    - target: {fileID: 4661450627090144, guid: 213ebf20e0c062349a9a7afb9a9562fd, type: 3}
      propertyPath: m_LocalRotation.y
      value: -0.97163165
      objectReference: {fileID: 0}
    - target: {fileID: 4661450627090144, guid: 213ebf20e0c062349a9a7afb9a9562fd, type: 3}
      propertyPath: m_LocalRotation.z
      value: -2.3790587e-18
      objectReference: {fileID: 0}
    - target: {fileID: 4661450627090144, guid: 213ebf20e0c062349a9a7afb9a9562fd, type: 3}
      propertyPath: m_LocalRotation.w
      value: -0.23649965
      objectReference: {fileID: 0}
    - target: {fileID: 4661450627090144, guid: 213ebf20e0c062349a9a7afb9a9562fd, type: 3}
      propertyPath: m_RootOrder
      value: 3
      objectReference: {fileID: 0}
    - target: {fileID: 4661450627090144, guid: 213ebf20e0c062349a9a7afb9a9562fd, type: 3}
      propertyPath: m_LocalEulerAnglesHint.x
      value: 0
      objectReference: {fileID: 0}
    - target: {fileID: 4661450627090144, guid: 213ebf20e0c062349a9a7afb9a9562fd, type: 3}
      propertyPath: m_LocalEulerAnglesHint.y
      value: -207.35999
      objectReference: {fileID: 0}
    - target: {fileID: 4661450627090144, guid: 213ebf20e0c062349a9a7afb9a9562fd, type: 3}
      propertyPath: m_LocalEulerAnglesHint.z
      value: 0
      objectReference: {fileID: 0}
    - target: {fileID: 4661450627090144, guid: 213ebf20e0c062349a9a7afb9a9562fd, type: 3}
      propertyPath: m_LocalScale.z
      value: 8
      objectReference: {fileID: 0}
    - target: {fileID: 4661450627090144, guid: 213ebf20e0c062349a9a7afb9a9562fd, type: 3}
      propertyPath: m_LocalScale.x
      value: 7
      objectReference: {fileID: 0}
    - target: {fileID: 4661450627090144, guid: 213ebf20e0c062349a9a7afb9a9562fd, type: 3}
      propertyPath: m_LocalScale.y
      value: 3
      objectReference: {fileID: 0}
    m_RemovedComponents: []
  m_SourcePrefab: {fileID: 100100000, guid: 213ebf20e0c062349a9a7afb9a9562fd, type: 3}
--- !u!1001 &1096631931
PrefabInstance:
  m_ObjectHideFlags: 0
  serializedVersion: 2
  m_Modification:
    m_TransformParent: {fileID: 0}
    m_Modifications:
    - target: {fileID: 1512815570131152, guid: 74342ecd7a02aaa479cc73d1beabeda6, type: 3}
      propertyPath: m_Name
      value: ZLPP_Grass_B_1
      objectReference: {fileID: 0}
    - target: {fileID: 4978015019945994, guid: 74342ecd7a02aaa479cc73d1beabeda6, type: 3}
      propertyPath: m_LocalPosition.x
      value: 435.26
      objectReference: {fileID: 0}
    - target: {fileID: 4978015019945994, guid: 74342ecd7a02aaa479cc73d1beabeda6, type: 3}
      propertyPath: m_LocalPosition.y
      value: 8.134494
      objectReference: {fileID: 0}
    - target: {fileID: 4978015019945994, guid: 74342ecd7a02aaa479cc73d1beabeda6, type: 3}
      propertyPath: m_LocalPosition.z
      value: 483.43
      objectReference: {fileID: 0}
    - target: {fileID: 4978015019945994, guid: 74342ecd7a02aaa479cc73d1beabeda6, type: 3}
      propertyPath: m_LocalRotation.x
      value: 0.000000021855694
      objectReference: {fileID: 0}
    - target: {fileID: 4978015019945994, guid: 74342ecd7a02aaa479cc73d1beabeda6, type: 3}
      propertyPath: m_LocalRotation.y
      value: 0
      objectReference: {fileID: 0}
    - target: {fileID: 4978015019945994, guid: 74342ecd7a02aaa479cc73d1beabeda6, type: 3}
      propertyPath: m_LocalRotation.z
      value: -0
      objectReference: {fileID: 0}
    - target: {fileID: 4978015019945994, guid: 74342ecd7a02aaa479cc73d1beabeda6, type: 3}
      propertyPath: m_LocalRotation.w
      value: 1
      objectReference: {fileID: 0}
    - target: {fileID: 4978015019945994, guid: 74342ecd7a02aaa479cc73d1beabeda6, type: 3}
      propertyPath: m_RootOrder
      value: 1
      objectReference: {fileID: 0}
    - target: {fileID: 4978015019945994, guid: 74342ecd7a02aaa479cc73d1beabeda6, type: 3}
      propertyPath: m_LocalEulerAnglesHint.x
      value: 0
      objectReference: {fileID: 0}
    - target: {fileID: 4978015019945994, guid: 74342ecd7a02aaa479cc73d1beabeda6, type: 3}
      propertyPath: m_LocalEulerAnglesHint.y
      value: 0
      objectReference: {fileID: 0}
    - target: {fileID: 4978015019945994, guid: 74342ecd7a02aaa479cc73d1beabeda6, type: 3}
      propertyPath: m_LocalEulerAnglesHint.z
      value: 0
      objectReference: {fileID: 0}
    m_RemovedComponents: []
  m_SourcePrefab: {fileID: 100100000, guid: 74342ecd7a02aaa479cc73d1beabeda6, type: 3}
--- !u!1001 &1211343680
PrefabInstance:
  m_ObjectHideFlags: 0
  serializedVersion: 2
  m_Modification:
    m_TransformParent: {fileID: 1358331918}
    m_Modifications:
    - target: {fileID: 1645689027861864, guid: 28a9504304c0b0c4d9dc2b3ec011e457, type: 3}
      propertyPath: m_Name
      value: ZLP_Water_A_1
      objectReference: {fileID: 0}
    - target: {fileID: 4719293276615058, guid: 28a9504304c0b0c4d9dc2b3ec011e457, type: 3}
      propertyPath: m_LocalPosition.x
      value: 400
      objectReference: {fileID: 0}
    - target: {fileID: 4719293276615058, guid: 28a9504304c0b0c4d9dc2b3ec011e457, type: 3}
      propertyPath: m_LocalPosition.y
      value: 7
      objectReference: {fileID: 0}
    - target: {fileID: 4719293276615058, guid: 28a9504304c0b0c4d9dc2b3ec011e457, type: 3}
      propertyPath: m_LocalPosition.z
      value: 488
      objectReference: {fileID: 0}
    - target: {fileID: 4719293276615058, guid: 28a9504304c0b0c4d9dc2b3ec011e457, type: 3}
      propertyPath: m_LocalRotation.x
      value: 0.00000008146034
      objectReference: {fileID: 0}
    - target: {fileID: 4719293276615058, guid: 28a9504304c0b0c4d9dc2b3ec011e457, type: 3}
      propertyPath: m_LocalRotation.y
      value: -0
      objectReference: {fileID: 0}
    - target: {fileID: 4719293276615058, guid: 28a9504304c0b0c4d9dc2b3ec011e457, type: 3}
      propertyPath: m_LocalRotation.z
      value: -0
      objectReference: {fileID: 0}
    - target: {fileID: 4719293276615058, guid: 28a9504304c0b0c4d9dc2b3ec011e457, type: 3}
      propertyPath: m_LocalRotation.w
      value: 1
      objectReference: {fileID: 0}
    - target: {fileID: 4719293276615058, guid: 28a9504304c0b0c4d9dc2b3ec011e457, type: 3}
      propertyPath: m_RootOrder
      value: 0
      objectReference: {fileID: 0}
    - target: {fileID: 4719293276615058, guid: 28a9504304c0b0c4d9dc2b3ec011e457, type: 3}
      propertyPath: m_LocalEulerAnglesHint.x
      value: 0
      objectReference: {fileID: 0}
    - target: {fileID: 4719293276615058, guid: 28a9504304c0b0c4d9dc2b3ec011e457, type: 3}
      propertyPath: m_LocalEulerAnglesHint.y
      value: 0
      objectReference: {fileID: 0}
    - target: {fileID: 4719293276615058, guid: 28a9504304c0b0c4d9dc2b3ec011e457, type: 3}
      propertyPath: m_LocalEulerAnglesHint.z
      value: 0
      objectReference: {fileID: 0}
    - target: {fileID: 4719293276615058, guid: 28a9504304c0b0c4d9dc2b3ec011e457, type: 3}
      propertyPath: m_LocalScale.x
      value: 50
      objectReference: {fileID: 0}
    - target: {fileID: 4719293276615058, guid: 28a9504304c0b0c4d9dc2b3ec011e457, type: 3}
      propertyPath: m_LocalScale.z
      value: 30
      objectReference: {fileID: 0}
    - target: {fileID: 23772166182918138, guid: 28a9504304c0b0c4d9dc2b3ec011e457,
        type: 3}
      propertyPath: m_Materials.Array.data[0]
      value: 
      objectReference: {fileID: 2100000, guid: 0d77c5fba54a2cf48a81740337549b96, type: 2}
    m_RemovedComponents: []
  m_SourcePrefab: {fileID: 100100000, guid: 28a9504304c0b0c4d9dc2b3ec011e457, type: 3}
--- !u!4 &1211343681 stripped
Transform:
  m_CorrespondingSourceObject: {fileID: 4719293276615058, guid: 28a9504304c0b0c4d9dc2b3ec011e457,
    type: 3}
  m_PrefabInstance: {fileID: 1211343680}
  m_PrefabAsset: {fileID: 0}
--- !u!1001 &1254253090
PrefabInstance:
  m_ObjectHideFlags: 0
  serializedVersion: 2
  m_Modification:
    m_TransformParent: {fileID: 1358331918}
    m_Modifications:
    - target: {fileID: 1645689027861864, guid: 28a9504304c0b0c4d9dc2b3ec011e457, type: 3}
      propertyPath: m_Name
      value: ZLP_Water_A_1 (5)
      objectReference: {fileID: 0}
    - target: {fileID: 4719293276615058, guid: 28a9504304c0b0c4d9dc2b3ec011e457, type: 3}
      propertyPath: m_LocalPosition.x
      value: 930.1
      objectReference: {fileID: 0}
    - target: {fileID: 4719293276615058, guid: 28a9504304c0b0c4d9dc2b3ec011e457, type: 3}
      propertyPath: m_LocalPosition.y
      value: 15
      objectReference: {fileID: 0}
    - target: {fileID: 4719293276615058, guid: 28a9504304c0b0c4d9dc2b3ec011e457, type: 3}
      propertyPath: m_LocalPosition.z
      value: 411.9
      objectReference: {fileID: 0}
    - target: {fileID: 4719293276615058, guid: 28a9504304c0b0c4d9dc2b3ec011e457, type: 3}
      propertyPath: m_LocalRotation.x
      value: -0
      objectReference: {fileID: 0}
    - target: {fileID: 4719293276615058, guid: 28a9504304c0b0c4d9dc2b3ec011e457, type: 3}
      propertyPath: m_LocalRotation.y
      value: -0
      objectReference: {fileID: 0}
    - target: {fileID: 4719293276615058, guid: 28a9504304c0b0c4d9dc2b3ec011e457, type: 3}
      propertyPath: m_LocalRotation.z
      value: -0
      objectReference: {fileID: 0}
    - target: {fileID: 4719293276615058, guid: 28a9504304c0b0c4d9dc2b3ec011e457, type: 3}
      propertyPath: m_LocalRotation.w
      value: 1
      objectReference: {fileID: 0}
    - target: {fileID: 4719293276615058, guid: 28a9504304c0b0c4d9dc2b3ec011e457, type: 3}
      propertyPath: m_RootOrder
      value: 5
      objectReference: {fileID: 0}
    - target: {fileID: 4719293276615058, guid: 28a9504304c0b0c4d9dc2b3ec011e457, type: 3}
      propertyPath: m_LocalEulerAnglesHint.x
      value: 0
      objectReference: {fileID: 0}
    - target: {fileID: 4719293276615058, guid: 28a9504304c0b0c4d9dc2b3ec011e457, type: 3}
      propertyPath: m_LocalEulerAnglesHint.y
      value: 0
      objectReference: {fileID: 0}
    - target: {fileID: 4719293276615058, guid: 28a9504304c0b0c4d9dc2b3ec011e457, type: 3}
      propertyPath: m_LocalEulerAnglesHint.z
      value: 0
      objectReference: {fileID: 0}
    - target: {fileID: 4719293276615058, guid: 28a9504304c0b0c4d9dc2b3ec011e457, type: 3}
      propertyPath: m_LocalScale.x
      value: 30
      objectReference: {fileID: 0}
    - target: {fileID: 4719293276615058, guid: 28a9504304c0b0c4d9dc2b3ec011e457, type: 3}
      propertyPath: m_LocalScale.z
      value: 20
      objectReference: {fileID: 0}
    - target: {fileID: 23772166182918138, guid: 28a9504304c0b0c4d9dc2b3ec011e457,
        type: 3}
      propertyPath: m_Materials.Array.data[0]
      value: 
      objectReference: {fileID: 2100000, guid: 0d77c5fba54a2cf48a81740337549b96, type: 2}
    m_RemovedComponents: []
  m_SourcePrefab: {fileID: 100100000, guid: 28a9504304c0b0c4d9dc2b3ec011e457, type: 3}
--- !u!4 &1254253091 stripped
Transform:
  m_CorrespondingSourceObject: {fileID: 4719293276615058, guid: 28a9504304c0b0c4d9dc2b3ec011e457,
    type: 3}
  m_PrefabInstance: {fileID: 1254253090}
  m_PrefabAsset: {fileID: 0}
--- !u!1001 &1276216633
PrefabInstance:
  m_ObjectHideFlags: 0
  serializedVersion: 2
  m_Modification:
    m_TransformParent: {fileID: 0}
    m_Modifications:
    - target: {fileID: 100002, guid: 593681b89b4f6fe448f82ccc76246462, type: 3}
      propertyPath: m_Name
      value: low_high_terrain
      objectReference: {fileID: 0}
    - target: {fileID: 400002, guid: 593681b89b4f6fe448f82ccc76246462, type: 3}
      propertyPath: m_LocalPosition.x
      value: 0
      objectReference: {fileID: 0}
    - target: {fileID: 400002, guid: 593681b89b4f6fe448f82ccc76246462, type: 3}
      propertyPath: m_LocalPosition.y
      value: 0
      objectReference: {fileID: 0}
    - target: {fileID: 400002, guid: 593681b89b4f6fe448f82ccc76246462, type: 3}
      propertyPath: m_LocalPosition.z
      value: 0
      objectReference: {fileID: 0}
    - target: {fileID: 400002, guid: 593681b89b4f6fe448f82ccc76246462, type: 3}
      propertyPath: m_LocalRotation.x
      value: 0
      objectReference: {fileID: 0}
    - target: {fileID: 400002, guid: 593681b89b4f6fe448f82ccc76246462, type: 3}
      propertyPath: m_LocalRotation.y
      value: -0
      objectReference: {fileID: 0}
    - target: {fileID: 400002, guid: 593681b89b4f6fe448f82ccc76246462, type: 3}
      propertyPath: m_LocalRotation.z
      value: -0
      objectReference: {fileID: 0}
    - target: {fileID: 400002, guid: 593681b89b4f6fe448f82ccc76246462, type: 3}
      propertyPath: m_LocalRotation.w
      value: 1
      objectReference: {fileID: 0}
    - target: {fileID: 400002, guid: 593681b89b4f6fe448f82ccc76246462, type: 3}
      propertyPath: m_RootOrder
      value: 5
      objectReference: {fileID: 0}
    - target: {fileID: 400002, guid: 593681b89b4f6fe448f82ccc76246462, type: 3}
      propertyPath: m_LocalEulerAnglesHint.x
      value: 0
      objectReference: {fileID: 0}
    - target: {fileID: 400002, guid: 593681b89b4f6fe448f82ccc76246462, type: 3}
      propertyPath: m_LocalEulerAnglesHint.y
      value: 0
      objectReference: {fileID: 0}
    - target: {fileID: 400002, guid: 593681b89b4f6fe448f82ccc76246462, type: 3}
      propertyPath: m_LocalEulerAnglesHint.z
      value: 0
      objectReference: {fileID: 0}
    - target: {fileID: 2300000, guid: 593681b89b4f6fe448f82ccc76246462, type: 3}
      propertyPath: m_Materials.Array.data[0]
      value: 
      objectReference: {fileID: 2100000, guid: 5bc1616228772c242b031a2ec496b188, type: 2}
    m_RemovedComponents: []
  m_SourcePrefab: {fileID: 100100000, guid: 593681b89b4f6fe448f82ccc76246462, type: 3}
--- !u!4 &1276216634 stripped
Transform:
  m_CorrespondingSourceObject: {fileID: 400002, guid: 593681b89b4f6fe448f82ccc76246462,
    type: 3}
  m_PrefabInstance: {fileID: 1276216633}
  m_PrefabAsset: {fileID: 0}
--- !u!1 &1358331917
GameObject:
  m_ObjectHideFlags: 0
  m_CorrespondingSourceObject: {fileID: 0}
  m_PrefabInstance: {fileID: 0}
  m_PrefabAsset: {fileID: 0}
  serializedVersion: 6
  m_Component:
  - component: {fileID: 1358331918}
  m_Layer: 0
  m_Name: river
  m_TagString: Untagged
  m_Icon: {fileID: 0}
  m_NavMeshLayer: 0
  m_StaticEditorFlags: 0
  m_IsActive: 1
--- !u!4 &1358331918
Transform:
  m_ObjectHideFlags: 0
  m_CorrespondingSourceObject: {fileID: 0}
  m_PrefabInstance: {fileID: 0}
  m_PrefabAsset: {fileID: 0}
  m_GameObject: {fileID: 1358331917}
  m_LocalRotation: {x: 0, y: 0, z: 0, w: 1}
  m_LocalPosition: {x: 0, y: 0, z: 0}
  m_LocalScale: {x: 1, y: 1, z: 1}
  m_Children:
  - {fileID: 1211343681}
  - {fileID: 2047065200}
  - {fileID: 345340776}
  - {fileID: 895409251}
  - {fileID: 581535227}
  - {fileID: 1254253091}
  - {fileID: 566601193}
  - {fileID: 1902734039}
  - {fileID: 1784146038}
  m_Father: {fileID: 1276216634}
  m_RootOrder: 1
  m_LocalEulerAnglesHint: {x: 0, y: 0, z: 0}
--- !u!1001 &1434291390
PrefabInstance:
  m_ObjectHideFlags: 0
  serializedVersion: 2
  m_Modification:
    m_TransformParent: {fileID: 0}
    m_Modifications:
    - target: {fileID: 1750106750407176, guid: e4bdbc0565e646e4290e64200c72e1da, type: 3}
      propertyPath: m_Name
      value: terrain_yellow
      objectReference: {fileID: 0}
    - target: {fileID: 4098368727687454, guid: e4bdbc0565e646e4290e64200c72e1da, type: 3}
      propertyPath: m_LocalPosition.x
      value: 436.46
      objectReference: {fileID: 0}
    - target: {fileID: 4098368727687454, guid: e4bdbc0565e646e4290e64200c72e1da, type: 3}
      propertyPath: m_LocalPosition.y
      value: 8.12
      objectReference: {fileID: 0}
    - target: {fileID: 4098368727687454, guid: e4bdbc0565e646e4290e64200c72e1da, type: 3}
      propertyPath: m_LocalPosition.z
      value: 465.32
      objectReference: {fileID: 0}
    - target: {fileID: 4098368727687454, guid: e4bdbc0565e646e4290e64200c72e1da, type: 3}
      propertyPath: m_LocalRotation.x
      value: -0
      objectReference: {fileID: 0}
    - target: {fileID: 4098368727687454, guid: e4bdbc0565e646e4290e64200c72e1da, type: 3}
      propertyPath: m_LocalRotation.y
      value: -0.16216719
      objectReference: {fileID: 0}
    - target: {fileID: 4098368727687454, guid: e4bdbc0565e646e4290e64200c72e1da, type: 3}
      propertyPath: m_LocalRotation.z
      value: -0
      objectReference: {fileID: 0}
    - target: {fileID: 4098368727687454, guid: e4bdbc0565e646e4290e64200c72e1da, type: 3}
      propertyPath: m_LocalRotation.w
      value: 0.9867633
      objectReference: {fileID: 0}
    - target: {fileID: 4098368727687454, guid: e4bdbc0565e646e4290e64200c72e1da, type: 3}
      propertyPath: m_RootOrder
      value: 2
      objectReference: {fileID: 0}
    - target: {fileID: 4098368727687454, guid: e4bdbc0565e646e4290e64200c72e1da, type: 3}
      propertyPath: m_LocalEulerAnglesHint.x
      value: 0
      objectReference: {fileID: 0}
    - target: {fileID: 4098368727687454, guid: e4bdbc0565e646e4290e64200c72e1da, type: 3}
      propertyPath: m_LocalEulerAnglesHint.y
      value: -18.665
      objectReference: {fileID: 0}
    - target: {fileID: 4098368727687454, guid: e4bdbc0565e646e4290e64200c72e1da, type: 3}
      propertyPath: m_LocalEulerAnglesHint.z
      value: 0
      objectReference: {fileID: 0}
    - target: {fileID: 4098368727687454, guid: e4bdbc0565e646e4290e64200c72e1da, type: 3}
      propertyPath: m_LocalScale.z
      value: 10.105891
      objectReference: {fileID: 0}
    m_RemovedComponents: []
  m_SourcePrefab: {fileID: 100100000, guid: e4bdbc0565e646e4290e64200c72e1da, type: 3}
--- !u!1001 &1440616296
PrefabInstance:
  m_ObjectHideFlags: 0
  serializedVersion: 2
  m_Modification:
    m_TransformParent: {fileID: 0}
    m_Modifications:
    - target: {fileID: 1750106750407176, guid: e4bdbc0565e646e4290e64200c72e1da, type: 3}
      propertyPath: m_Name
      value: terrain_yellow (3)
      objectReference: {fileID: 0}
    - target: {fileID: 4098368727687454, guid: e4bdbc0565e646e4290e64200c72e1da, type: 3}
      propertyPath: m_LocalPosition.x
      value: 393.6
      objectReference: {fileID: 0}
    - target: {fileID: 4098368727687454, guid: e4bdbc0565e646e4290e64200c72e1da, type: 3}
      propertyPath: m_LocalPosition.y
      value: 7.5
      objectReference: {fileID: 0}
    - target: {fileID: 4098368727687454, guid: e4bdbc0565e646e4290e64200c72e1da, type: 3}
      propertyPath: m_LocalPosition.z
      value: 530.2
      objectReference: {fileID: 0}
    - target: {fileID: 4098368727687454, guid: e4bdbc0565e646e4290e64200c72e1da, type: 3}
      propertyPath: m_LocalRotation.x
      value: -0
      objectReference: {fileID: 0}
    - target: {fileID: 4098368727687454, guid: e4bdbc0565e646e4290e64200c72e1da, type: 3}
      propertyPath: m_LocalRotation.y
      value: -0.34935388
      objectReference: {fileID: 0}
    - target: {fileID: 4098368727687454, guid: e4bdbc0565e646e4290e64200c72e1da, type: 3}
      propertyPath: m_LocalRotation.z
      value: -0
      objectReference: {fileID: 0}
    - target: {fileID: 4098368727687454, guid: e4bdbc0565e646e4290e64200c72e1da, type: 3}
      propertyPath: m_LocalRotation.w
      value: 0.93699086
      objectReference: {fileID: 0}
    - target: {fileID: 4098368727687454, guid: e4bdbc0565e646e4290e64200c72e1da, type: 3}
      propertyPath: m_RootOrder
      value: 9
      objectReference: {fileID: 0}
    - target: {fileID: 4098368727687454, guid: e4bdbc0565e646e4290e64200c72e1da, type: 3}
      propertyPath: m_LocalEulerAnglesHint.x
      value: 0
      objectReference: {fileID: 0}
    - target: {fileID: 4098368727687454, guid: e4bdbc0565e646e4290e64200c72e1da, type: 3}
      propertyPath: m_LocalEulerAnglesHint.y
      value: -40.896004
      objectReference: {fileID: 0}
    - target: {fileID: 4098368727687454, guid: e4bdbc0565e646e4290e64200c72e1da, type: 3}
      propertyPath: m_LocalEulerAnglesHint.z
      value: 0
      objectReference: {fileID: 0}
    - target: {fileID: 4098368727687454, guid: e4bdbc0565e646e4290e64200c72e1da, type: 3}
      propertyPath: m_LocalScale.z
      value: 39.329308
      objectReference: {fileID: 0}
    m_RemovedComponents: []
  m_SourcePrefab: {fileID: 100100000, guid: e4bdbc0565e646e4290e64200c72e1da, type: 3}
--- !u!1001 &1505047245
PrefabInstance:
  m_ObjectHideFlags: 0
  serializedVersion: 2
  m_Modification:
    m_TransformParent: {fileID: 0}
    m_Modifications:
    - target: {fileID: 1750106750407176, guid: e4bdbc0565e646e4290e64200c72e1da, type: 3}
      propertyPath: m_Name
      value: terrain_yellow (2)
      objectReference: {fileID: 0}
    - target: {fileID: 4098368727687454, guid: e4bdbc0565e646e4290e64200c72e1da, type: 3}
      propertyPath: m_LocalPosition.x
      value: 333.8
      objectReference: {fileID: 0}
    - target: {fileID: 4098368727687454, guid: e4bdbc0565e646e4290e64200c72e1da, type: 3}
      propertyPath: m_LocalPosition.y
      value: 7
      objectReference: {fileID: 0}
    - target: {fileID: 4098368727687454, guid: e4bdbc0565e646e4290e64200c72e1da, type: 3}
      propertyPath: m_LocalPosition.z
      value: 623.3
      objectReference: {fileID: 0}
    - target: {fileID: 4098368727687454, guid: e4bdbc0565e646e4290e64200c72e1da, type: 3}
      propertyPath: m_LocalRotation.x
      value: -0
      objectReference: {fileID: 0}
    - target: {fileID: 4098368727687454, guid: e4bdbc0565e646e4290e64200c72e1da, type: 3}
      propertyPath: m_LocalRotation.y
      value: -0.16216719
      objectReference: {fileID: 0}
    - target: {fileID: 4098368727687454, guid: e4bdbc0565e646e4290e64200c72e1da, type: 3}
      propertyPath: m_LocalRotation.z
      value: -0
      objectReference: {fileID: 0}
    - target: {fileID: 4098368727687454, guid: e4bdbc0565e646e4290e64200c72e1da, type: 3}
      propertyPath: m_LocalRotation.w
      value: 0.9867633
      objectReference: {fileID: 0}
    - target: {fileID: 4098368727687454, guid: e4bdbc0565e646e4290e64200c72e1da, type: 3}
      propertyPath: m_RootOrder
      value: 8
      objectReference: {fileID: 0}
    - target: {fileID: 4098368727687454, guid: e4bdbc0565e646e4290e64200c72e1da, type: 3}
      propertyPath: m_LocalEulerAnglesHint.x
      value: 0
      objectReference: {fileID: 0}
    - target: {fileID: 4098368727687454, guid: e4bdbc0565e646e4290e64200c72e1da, type: 3}
      propertyPath: m_LocalEulerAnglesHint.y
      value: -18.665
      objectReference: {fileID: 0}
    - target: {fileID: 4098368727687454, guid: e4bdbc0565e646e4290e64200c72e1da, type: 3}
      propertyPath: m_LocalEulerAnglesHint.z
      value: 0
      objectReference: {fileID: 0}
    - target: {fileID: 4098368727687454, guid: e4bdbc0565e646e4290e64200c72e1da, type: 3}
      propertyPath: m_LocalScale.z
      value: 78.864334
      objectReference: {fileID: 0}
    - target: {fileID: 4098368727687454, guid: e4bdbc0565e646e4290e64200c72e1da, type: 3}
      propertyPath: m_LocalScale.x
      value: 26.508844
      objectReference: {fileID: 0}
    m_RemovedComponents: []
  m_SourcePrefab: {fileID: 100100000, guid: e4bdbc0565e646e4290e64200c72e1da, type: 3}
--- !u!1001 &1621882009
PrefabInstance:
  m_ObjectHideFlags: 0
  serializedVersion: 2
  m_Modification:
    m_TransformParent: {fileID: 0}
    m_Modifications:
    - target: {fileID: 2072606888622886943, guid: fc6e7077fd965ea479b212dcadbedd79,
        type: 3}
      propertyPath: m_Name
      value: village
      objectReference: {fileID: 0}
    - target: {fileID: 2072606888622886942, guid: fc6e7077fd965ea479b212dcadbedd79,
        type: 3}
      propertyPath: m_LocalPosition.x
      value: 182
      objectReference: {fileID: 0}
    - target: {fileID: 2072606888622886942, guid: fc6e7077fd965ea479b212dcadbedd79,
        type: 3}
      propertyPath: m_LocalPosition.y
      value: -1680
      objectReference: {fileID: 0}
    - target: {fileID: 2072606888622886942, guid: fc6e7077fd965ea479b212dcadbedd79,
        type: 3}
      propertyPath: m_LocalPosition.z
      value: 376
      objectReference: {fileID: 0}
    - target: {fileID: 2072606888622886942, guid: fc6e7077fd965ea479b212dcadbedd79,
        type: 3}
      propertyPath: m_LocalRotation.x
      value: -0
      objectReference: {fileID: 0}
    - target: {fileID: 2072606888622886942, guid: fc6e7077fd965ea479b212dcadbedd79,
        type: 3}
      propertyPath: m_LocalRotation.y
      value: -0.9664183
      objectReference: {fileID: 0}
    - target: {fileID: 2072606888622886942, guid: fc6e7077fd965ea479b212dcadbedd79,
        type: 3}
      propertyPath: m_LocalRotation.z
      value: -0
      objectReference: {fileID: 0}
    - target: {fileID: 2072606888622886942, guid: fc6e7077fd965ea479b212dcadbedd79,
        type: 3}
      propertyPath: m_LocalRotation.w
      value: -0.2569743
      objectReference: {fileID: 0}
    - target: {fileID: 2072606888622886942, guid: fc6e7077fd965ea479b212dcadbedd79,
        type: 3}
      propertyPath: m_RootOrder
      value: 4
      objectReference: {fileID: 0}
    - target: {fileID: 2072606888622886942, guid: fc6e7077fd965ea479b212dcadbedd79,
        type: 3}
      propertyPath: m_LocalEulerAnglesHint.x
      value: 0
      objectReference: {fileID: 0}
    - target: {fileID: 2072606888622886942, guid: fc6e7077fd965ea479b212dcadbedd79,
        type: 3}
      propertyPath: m_LocalEulerAnglesHint.y
      value: -209.78099
      objectReference: {fileID: 0}
    - target: {fileID: 2072606888622886942, guid: fc6e7077fd965ea479b212dcadbedd79,
        type: 3}
      propertyPath: m_LocalEulerAnglesHint.z
      value: 0
      objectReference: {fileID: 0}
    - target: {fileID: 2072606888622886942, guid: fc6e7077fd965ea479b212dcadbedd79,
        type: 3}
      propertyPath: m_LocalScale.x
      value: 5
      objectReference: {fileID: 0}
    - target: {fileID: 2072606888622886942, guid: fc6e7077fd965ea479b212dcadbedd79,
        type: 3}
      propertyPath: m_LocalScale.y
      value: 5
      objectReference: {fileID: 0}
    - target: {fileID: 2072606888622886942, guid: fc6e7077fd965ea479b212dcadbedd79,
        type: 3}
      propertyPath: m_LocalScale.z
      value: 5
      objectReference: {fileID: 0}
    - target: {fileID: 2072606888300870839, guid: fc6e7077fd965ea479b212dcadbedd79,
        type: 3}
      propertyPath: m_LocalScale.x
      value: 0.5
      objectReference: {fileID: 0}
    - target: {fileID: 2072606888300870839, guid: fc6e7077fd965ea479b212dcadbedd79,
        type: 3}
      propertyPath: m_LocalScale.y
      value: 0.5
      objectReference: {fileID: 0}
    - target: {fileID: 2072606888300870839, guid: fc6e7077fd965ea479b212dcadbedd79,
        type: 3}
      propertyPath: m_LocalScale.z
      value: 0.5
      objectReference: {fileID: 0}
    - target: {fileID: 2072606888300870839, guid: fc6e7077fd965ea479b212dcadbedd79,
        type: 3}
      propertyPath: m_LocalPosition.x
      value: 111.6
      objectReference: {fileID: 0}
    - target: {fileID: 2072606888300870839, guid: fc6e7077fd965ea479b212dcadbedd79,
        type: 3}
      propertyPath: m_LocalPosition.z
      value: -585.97
      objectReference: {fileID: 0}
    - target: {fileID: 2072606888300870839, guid: fc6e7077fd965ea479b212dcadbedd79,
        type: 3}
      propertyPath: m_LocalPosition.y
      value: 336.4
      objectReference: {fileID: 0}
    m_RemovedComponents: []
  m_SourcePrefab: {fileID: 100100000, guid: fc6e7077fd965ea479b212dcadbedd79, type: 3}
--- !u!1 &1757516699
GameObject:
  m_ObjectHideFlags: 0
  m_CorrespondingSourceObject: {fileID: 0}
  m_PrefabInstance: {fileID: 0}
  m_PrefabAsset: {fileID: 0}
  serializedVersion: 6
  m_Component:
  - component: {fileID: 1757516701}
  - component: {fileID: 1757516700}
  m_Layer: 0
  m_Name: Directional Light
  m_TagString: Untagged
  m_Icon: {fileID: 0}
  m_NavMeshLayer: 0
  m_StaticEditorFlags: 0
  m_IsActive: 1
--- !u!108 &1757516700
Light:
  m_ObjectHideFlags: 0
  m_CorrespondingSourceObject: {fileID: 0}
  m_PrefabInstance: {fileID: 0}
  m_PrefabAsset: {fileID: 0}
  m_GameObject: {fileID: 1757516699}
  m_Enabled: 1
  serializedVersion: 8
  m_Type: 1
  m_Color: {r: 1, g: 0.95686275, b: 0.8392157, a: 1}
  m_Intensity: 1
  m_Range: 10
  m_SpotAngle: 30
  m_CookieSize: 10
  m_Shadows:
    m_Type: 2
    m_Resolution: -1
    m_CustomResolution: -1
    m_Strength: 1
    m_Bias: 0.05
    m_NormalBias: 0.4
    m_NearPlane: 0.2
  m_Cookie: {fileID: 0}
  m_DrawHalo: 0
  m_Flare: {fileID: 0}
  m_RenderMode: 0
  m_CullingMask:
    serializedVersion: 2
    m_Bits: 4294967295
  m_Lightmapping: 4
  m_LightShadowCasterMode: 0
  m_AreaSize: {x: 1, y: 1}
  m_BounceIntensity: 1
  m_ColorTemperature: 6570
  m_UseColorTemperature: 0
  m_ShadowRadius: 0
  m_ShadowAngle: 0
--- !u!4 &1757516701
Transform:
  m_ObjectHideFlags: 0
  m_CorrespondingSourceObject: {fileID: 0}
  m_PrefabInstance: {fileID: 0}
  m_PrefabAsset: {fileID: 0}
  m_GameObject: {fileID: 1757516699}
  m_LocalRotation: {x: 0.40821788, y: -0.23456968, z: 0.10938163, w: 0.8754261}
  m_LocalPosition: {x: 0, y: 3, z: 0}
  m_LocalScale: {x: 1, y: 1, z: 1}
  m_Children: []
  m_Father: {fileID: 0}
  m_RootOrder: 6
  m_LocalEulerAnglesHint: {x: 50, y: -30, z: 0}
--- !u!1001 &1784146037
PrefabInstance:
  m_ObjectHideFlags: 0
  serializedVersion: 2
  m_Modification:
    m_TransformParent: {fileID: 1358331918}
    m_Modifications:
    - target: {fileID: 1645689027861864, guid: 28a9504304c0b0c4d9dc2b3ec011e457, type: 3}
      propertyPath: m_Name
      value: ZLP_Water_A_1 (8)
      objectReference: {fileID: 0}
    - target: {fileID: 4719293276615058, guid: 28a9504304c0b0c4d9dc2b3ec011e457, type: 3}
      propertyPath: m_LocalPosition.x
      value: 23.7
      objectReference: {fileID: 0}
    - target: {fileID: 4719293276615058, guid: 28a9504304c0b0c4d9dc2b3ec011e457, type: 3}
      propertyPath: m_LocalPosition.y
      value: 8.4
      objectReference: {fileID: 0}
    - target: {fileID: 4719293276615058, guid: 28a9504304c0b0c4d9dc2b3ec011e457, type: 3}
      propertyPath: m_LocalPosition.z
      value: 398.2
      objectReference: {fileID: 0}
    - target: {fileID: 4719293276615058, guid: 28a9504304c0b0c4d9dc2b3ec011e457, type: 3}
      propertyPath: m_LocalRotation.x
      value: -0
      objectReference: {fileID: 0}
    - target: {fileID: 4719293276615058, guid: 28a9504304c0b0c4d9dc2b3ec011e457, type: 3}
      propertyPath: m_LocalRotation.y
      value: -0
      objectReference: {fileID: 0}
    - target: {fileID: 4719293276615058, guid: 28a9504304c0b0c4d9dc2b3ec011e457, type: 3}
      propertyPath: m_LocalRotation.z
      value: -0.01745245
      objectReference: {fileID: 0}
    - target: {fileID: 4719293276615058, guid: 28a9504304c0b0c4d9dc2b3ec011e457, type: 3}
      propertyPath: m_LocalRotation.w
      value: 0.99984777
      objectReference: {fileID: 0}
    - target: {fileID: 4719293276615058, guid: 28a9504304c0b0c4d9dc2b3ec011e457, type: 3}
      propertyPath: m_RootOrder
      value: 8
      objectReference: {fileID: 0}
    - target: {fileID: 4719293276615058, guid: 28a9504304c0b0c4d9dc2b3ec011e457, type: 3}
      propertyPath: m_LocalEulerAnglesHint.x
      value: 0
      objectReference: {fileID: 0}
    - target: {fileID: 4719293276615058, guid: 28a9504304c0b0c4d9dc2b3ec011e457, type: 3}
      propertyPath: m_LocalEulerAnglesHint.y
      value: 0
      objectReference: {fileID: 0}
    - target: {fileID: 4719293276615058, guid: 28a9504304c0b0c4d9dc2b3ec011e457, type: 3}
      propertyPath: m_LocalEulerAnglesHint.z
      value: -2
      objectReference: {fileID: 0}
    - target: {fileID: 4719293276615058, guid: 28a9504304c0b0c4d9dc2b3ec011e457, type: 3}
      propertyPath: m_LocalScale.x
      value: 15
      objectReference: {fileID: 0}
    - target: {fileID: 4719293276615058, guid: 28a9504304c0b0c4d9dc2b3ec011e457, type: 3}
      propertyPath: m_LocalScale.z
      value: 10
      objectReference: {fileID: 0}
    - target: {fileID: 23772166182918138, guid: 28a9504304c0b0c4d9dc2b3ec011e457,
        type: 3}
      propertyPath: m_Materials.Array.data[0]
      value: 
      objectReference: {fileID: 2100000, guid: 0d77c5fba54a2cf48a81740337549b96, type: 2}
    m_RemovedComponents: []
  m_SourcePrefab: {fileID: 100100000, guid: 28a9504304c0b0c4d9dc2b3ec011e457, type: 3}
--- !u!4 &1784146038 stripped
Transform:
  m_CorrespondingSourceObject: {fileID: 4719293276615058, guid: 28a9504304c0b0c4d9dc2b3ec011e457,
    type: 3}
  m_PrefabInstance: {fileID: 1784146037}
  m_PrefabAsset: {fileID: 0}
--- !u!1001 &1902734038
PrefabInstance:
  m_ObjectHideFlags: 0
  serializedVersion: 2
  m_Modification:
    m_TransformParent: {fileID: 1358331918}
    m_Modifications:
    - target: {fileID: 1645689027861864, guid: 28a9504304c0b0c4d9dc2b3ec011e457, type: 3}
      propertyPath: m_Name
      value: ZLP_Water_A_1 (7)
      objectReference: {fileID: 0}
    - target: {fileID: 4719293276615058, guid: 28a9504304c0b0c4d9dc2b3ec011e457, type: 3}
      propertyPath: m_LocalPosition.x
      value: 860.3
      objectReference: {fileID: 0}
    - target: {fileID: 4719293276615058, guid: 28a9504304c0b0c4d9dc2b3ec011e457, type: 3}
      propertyPath: m_LocalPosition.y
      value: 10
      objectReference: {fileID: 0}
    - target: {fileID: 4719293276615058, guid: 28a9504304c0b0c4d9dc2b3ec011e457, type: 3}
      propertyPath: m_LocalPosition.z
      value: 686.9
      objectReference: {fileID: 0}
    - target: {fileID: 4719293276615058, guid: 28a9504304c0b0c4d9dc2b3ec011e457, type: 3}
      propertyPath: m_LocalRotation.x
      value: -0
      objectReference: {fileID: 0}
    - target: {fileID: 4719293276615058, guid: 28a9504304c0b0c4d9dc2b3ec011e457, type: 3}
      propertyPath: m_LocalRotation.y
      value: 0.7071068
      objectReference: {fileID: 0}
    - target: {fileID: 4719293276615058, guid: 28a9504304c0b0c4d9dc2b3ec011e457, type: 3}
      propertyPath: m_LocalRotation.z
      value: -0
      objectReference: {fileID: 0}
    - target: {fileID: 4719293276615058, guid: 28a9504304c0b0c4d9dc2b3ec011e457, type: 3}
      propertyPath: m_LocalRotation.w
      value: 0.7071068
      objectReference: {fileID: 0}
    - target: {fileID: 4719293276615058, guid: 28a9504304c0b0c4d9dc2b3ec011e457, type: 3}
      propertyPath: m_RootOrder
      value: 7
      objectReference: {fileID: 0}
    - target: {fileID: 4719293276615058, guid: 28a9504304c0b0c4d9dc2b3ec011e457, type: 3}
      propertyPath: m_LocalEulerAnglesHint.x
      value: 0
      objectReference: {fileID: 0}
    - target: {fileID: 4719293276615058, guid: 28a9504304c0b0c4d9dc2b3ec011e457, type: 3}
      propertyPath: m_LocalEulerAnglesHint.y
      value: 90
      objectReference: {fileID: 0}
    - target: {fileID: 4719293276615058, guid: 28a9504304c0b0c4d9dc2b3ec011e457, type: 3}
      propertyPath: m_LocalEulerAnglesHint.z
      value: 0
      objectReference: {fileID: 0}
    - target: {fileID: 4719293276615058, guid: 28a9504304c0b0c4d9dc2b3ec011e457, type: 3}
      propertyPath: m_LocalScale.x
      value: 30.000015
      objectReference: {fileID: 0}
    - target: {fileID: 4719293276615058, guid: 28a9504304c0b0c4d9dc2b3ec011e457, type: 3}
      propertyPath: m_LocalScale.z
      value: 30.000015
      objectReference: {fileID: 0}
    - target: {fileID: 23772166182918138, guid: 28a9504304c0b0c4d9dc2b3ec011e457,
        type: 3}
      propertyPath: m_Materials.Array.data[0]
      value: 
      objectReference: {fileID: 2100000, guid: 0d77c5fba54a2cf48a81740337549b96, type: 2}
    m_RemovedComponents: []
  m_SourcePrefab: {fileID: 100100000, guid: 28a9504304c0b0c4d9dc2b3ec011e457, type: 3}
--- !u!4 &1902734039 stripped
Transform:
  m_CorrespondingSourceObject: {fileID: 4719293276615058, guid: 28a9504304c0b0c4d9dc2b3ec011e457,
    type: 3}
  m_PrefabInstance: {fileID: 1902734038}
  m_PrefabAsset: {fileID: 0}
--- !u!4 &1988184801 stripped
Transform:
  m_CorrespondingSourceObject: {fileID: 4661450627090144, guid: 213ebf20e0c062349a9a7afb9a9562fd,
    type: 3}
  m_PrefabInstance: {fileID: 970205787}
  m_PrefabAsset: {fileID: 0}
--- !u!1001 &2047065199
PrefabInstance:
  m_ObjectHideFlags: 0
  serializedVersion: 2
  m_Modification:
    m_TransformParent: {fileID: 1358331918}
    m_Modifications:
    - target: {fileID: 1645689027861864, guid: 28a9504304c0b0c4d9dc2b3ec011e457, type: 3}
      propertyPath: m_Name
      value: ZLP_Water_A_1 (1)
      objectReference: {fileID: 0}
    - target: {fileID: 4719293276615058, guid: 28a9504304c0b0c4d9dc2b3ec011e457, type: 3}
      propertyPath: m_LocalPosition.x
      value: 150
      objectReference: {fileID: 0}
    - target: {fileID: 4719293276615058, guid: 28a9504304c0b0c4d9dc2b3ec011e457, type: 3}
      propertyPath: m_LocalPosition.y
      value: 7
      objectReference: {fileID: 0}
    - target: {fileID: 4719293276615058, guid: 28a9504304c0b0c4d9dc2b3ec011e457, type: 3}
      propertyPath: m_LocalPosition.z
      value: 455
      objectReference: {fileID: 0}
    - target: {fileID: 4719293276615058, guid: 28a9504304c0b0c4d9dc2b3ec011e457, type: 3}
      propertyPath: m_LocalRotation.x
      value: 0.00000008146034
      objectReference: {fileID: 0}
    - target: {fileID: 4719293276615058, guid: 28a9504304c0b0c4d9dc2b3ec011e457, type: 3}
      propertyPath: m_LocalRotation.y
      value: -0
      objectReference: {fileID: 0}
    - target: {fileID: 4719293276615058, guid: 28a9504304c0b0c4d9dc2b3ec011e457, type: 3}
      propertyPath: m_LocalRotation.z
      value: -0
      objectReference: {fileID: 0}
    - target: {fileID: 4719293276615058, guid: 28a9504304c0b0c4d9dc2b3ec011e457, type: 3}
      propertyPath: m_LocalRotation.w
      value: 1
      objectReference: {fileID: 0}
    - target: {fileID: 4719293276615058, guid: 28a9504304c0b0c4d9dc2b3ec011e457, type: 3}
      propertyPath: m_RootOrder
      value: 1
      objectReference: {fileID: 0}
    - target: {fileID: 4719293276615058, guid: 28a9504304c0b0c4d9dc2b3ec011e457, type: 3}
      propertyPath: m_LocalEulerAnglesHint.x
      value: 0
      objectReference: {fileID: 0}
    - target: {fileID: 4719293276615058, guid: 28a9504304c0b0c4d9dc2b3ec011e457, type: 3}
      propertyPath: m_LocalEulerAnglesHint.y
      value: 0
      objectReference: {fileID: 0}
    - target: {fileID: 4719293276615058, guid: 28a9504304c0b0c4d9dc2b3ec011e457, type: 3}
      propertyPath: m_LocalEulerAnglesHint.z
      value: 0
      objectReference: {fileID: 0}
    - target: {fileID: 4719293276615058, guid: 28a9504304c0b0c4d9dc2b3ec011e457, type: 3}
      propertyPath: m_LocalScale.x
      value: 50
      objectReference: {fileID: 0}
    - target: {fileID: 4719293276615058, guid: 28a9504304c0b0c4d9dc2b3ec011e457, type: 3}
      propertyPath: m_LocalScale.z
      value: 30
      objectReference: {fileID: 0}
    - target: {fileID: 23772166182918138, guid: 28a9504304c0b0c4d9dc2b3ec011e457,
        type: 3}
      propertyPath: m_Materials.Array.data[0]
      value: 
      objectReference: {fileID: 2100000, guid: 0d77c5fba54a2cf48a81740337549b96, type: 2}
    m_RemovedComponents: []
  m_SourcePrefab: {fileID: 100100000, guid: 28a9504304c0b0c4d9dc2b3ec011e457, type: 3}
--- !u!4 &2047065200 stripped
Transform:
  m_CorrespondingSourceObject: {fileID: 4719293276615058, guid: 28a9504304c0b0c4d9dc2b3ec011e457,
    type: 3}
  m_PrefabInstance: {fileID: 2047065199}
  m_PrefabAsset: {fileID: 0}
--- !u!1001 &2108462479
PrefabInstance:
  m_ObjectHideFlags: 0
  serializedVersion: 2
  m_Modification:
    m_TransformParent: {fileID: 1988184801}
    m_Modifications:
    - target: {fileID: 1712469483851906, guid: 1772e0a2d49ec3c4bb9d9828da985b60, type: 3}
      propertyPath: m_Name
      value: Stone1 (2)
      objectReference: {fileID: 0}
    - target: {fileID: 4729904168210634, guid: 1772e0a2d49ec3c4bb9d9828da985b60, type: 3}
      propertyPath: m_LocalPosition.x
      value: 0.20129693
      objectReference: {fileID: 0}
    - target: {fileID: 4729904168210634, guid: 1772e0a2d49ec3c4bb9d9828da985b60, type: 3}
      propertyPath: m_LocalPosition.y
      value: -0.44333333
      objectReference: {fileID: 0}
    - target: {fileID: 4729904168210634, guid: 1772e0a2d49ec3c4bb9d9828da985b60, type: 3}
      propertyPath: m_LocalPosition.z
      value: 1.2107406
      objectReference: {fileID: 0}
    - target: {fileID: 4729904168210634, guid: 1772e0a2d49ec3c4bb9d9828da985b60, type: 3}
      propertyPath: m_LocalRotation.x
      value: 0.45936787
      objectReference: {fileID: 0}
    - target: {fileID: 4729904168210634, guid: 1772e0a2d49ec3c4bb9d9828da985b60, type: 3}
      propertyPath: m_LocalRotation.y
      value: 0.5610996
      objectReference: {fileID: 0}
    - target: {fileID: 4729904168210634, guid: 1772e0a2d49ec3c4bb9d9828da985b60, type: 3}
      propertyPath: m_LocalRotation.z
      value: -0.44542137
      objectReference: {fileID: 0}
    - target: {fileID: 4729904168210634, guid: 1772e0a2d49ec3c4bb9d9828da985b60, type: 3}
      propertyPath: m_LocalRotation.w
      value: -0.5251173
      objectReference: {fileID: 0}
    - target: {fileID: 4729904168210634, guid: 1772e0a2d49ec3c4bb9d9828da985b60, type: 3}
      propertyPath: m_RootOrder
      value: 2
      objectReference: {fileID: 0}
    - target: {fileID: 4729904168210634, guid: 1772e0a2d49ec3c4bb9d9828da985b60, type: 3}
      propertyPath: m_LocalEulerAnglesHint.x
      value: 0.99700004
      objectReference: {fileID: 0}
    - target: {fileID: 4729904168210634, guid: 1772e0a2d49ec3c4bb9d9828da985b60, type: 3}
      propertyPath: m_LocalEulerAnglesHint.y
      value: 59.676003
      objectReference: {fileID: 0}
    - target: {fileID: 4729904168210634, guid: 1772e0a2d49ec3c4bb9d9828da985b60, type: 3}
      propertyPath: m_LocalEulerAnglesHint.z
      value: 79.561005
      objectReference: {fileID: 0}
    - target: {fileID: 4729904168210634, guid: 1772e0a2d49ec3c4bb9d9828da985b60, type: 3}
      propertyPath: m_LocalScale.z
      value: 5.3864594
      objectReference: {fileID: 0}
    - target: {fileID: 4729904168210634, guid: 1772e0a2d49ec3c4bb9d9828da985b60, type: 3}
      propertyPath: m_LocalScale.y
      value: 0.40527472
      objectReference: {fileID: 0}
    - target: {fileID: 4729904168210634, guid: 1772e0a2d49ec3c4bb9d9828da985b60, type: 3}
      propertyPath: m_LocalScale.x
      value: 0.75679535
      objectReference: {fileID: 0}
    m_RemovedComponents: []
  m_SourcePrefab: {fileID: 100100000, guid: 1772e0a2d49ec3c4bb9d9828da985b60, type: 3}
--- !u!1 &2109942383
GameObject:
  m_ObjectHideFlags: 0
  m_CorrespondingSourceObject: {fileID: 0}
  m_PrefabInstance: {fileID: 0}
  m_PrefabAsset: {fileID: 0}
  serializedVersion: 6
  m_Component:
  - component: {fileID: 2109942386}
  - component: {fileID: 2109942385}
  - component: {fileID: 2109942384}
  m_Layer: 0
  m_Name: Main Camera
  m_TagString: MainCamera
  m_Icon: {fileID: 0}
  m_NavMeshLayer: 0
  m_StaticEditorFlags: 0
  m_IsActive: 1
--- !u!81 &2109942384
AudioListener:
  m_ObjectHideFlags: 0
  m_CorrespondingSourceObject: {fileID: 0}
  m_PrefabInstance: {fileID: 0}
  m_PrefabAsset: {fileID: 0}
  m_GameObject: {fileID: 2109942383}
  m_Enabled: 1
--- !u!20 &2109942385
Camera:
  m_ObjectHideFlags: 0
  m_CorrespondingSourceObject: {fileID: 0}
  m_PrefabInstance: {fileID: 0}
  m_PrefabAsset: {fileID: 0}
  m_GameObject: {fileID: 2109942383}
  m_Enabled: 1
  serializedVersion: 2
  m_ClearFlags: 1
  m_BackGroundColor: {r: 0.19215687, g: 0.3019608, b: 0.4745098, a: 0}
  m_projectionMatrixMode: 1
  m_SensorSize: {x: 36, y: 24}
  m_LensShift: {x: 0, y: 0}
  m_GateFitMode: 2
  m_FocalLength: 50
  m_NormalizedViewPortRect:
    serializedVersion: 2
    x: 0
    y: 0
    width: 1
    height: 1
  near clip plane: 0.3
  far clip plane: 1000
  field of view: 60
  orthographic: 0
  orthographic size: 5
  m_Depth: -1
  m_CullingMask:
    serializedVersion: 2
    m_Bits: 4294967295
  m_RenderingPath: -1
  m_TargetTexture: {fileID: 0}
  m_TargetDisplay: 0
  m_TargetEye: 3
  m_HDR: 1
  m_AllowMSAA: 1
  m_AllowDynamicResolution: 0
  m_ForceIntoRT: 0
  m_OcclusionCulling: 1
  m_StereoConvergence: 10
  m_StereoSeparation: 0.022
--- !u!4 &2109942386
Transform:
  m_ObjectHideFlags: 0
  m_CorrespondingSourceObject: {fileID: 0}
  m_PrefabInstance: {fileID: 0}
  m_PrefabAsset: {fileID: 0}
  m_GameObject: {fileID: 2109942383}
  m_LocalRotation: {x: 0, y: 0, z: 0, w: 1}
  m_LocalPosition: {x: 0, y: 1, z: -10}
  m_LocalScale: {x: 1, y: 1, z: 1}
  m_Children: []
  m_Father: {fileID: 0}
  m_RootOrder: 0
  m_LocalEulerAnglesHint: {x: 0, y: 0, z: 0}
