%YAML 1.1
%TAG !u! tag:unity3d.com,2011:
--- !u!241 &24100000
AudioMixerController:
  m_ObjectHideFlags: 0
  m_CorrespondingSourceObject: {fileID: 0}
  m_PrefabInstance: {fileID: 0}
  m_PrefabAsset: {fileID: 0}
  m_Name: AudioMixer
  m_OutputGroup: {fileID: 0}
  m_MasterGroup: {fileID: 24300002}
  m_Snapshots:
  - {fileID: 24500006}
  m_StartSnapshot: {fileID: 24500006}
  m_SuspendThreshold: -80
  m_EnableSuspend: 1
  m_UpdateMode: 0
  m_ExposedParameters: []
  m_AudioMixerGroupViews:
  - guids:
    - 1f7552868b397e141b7a65603eba97e6
    - 283f64bdcedc0b24090ece981038f47a
    - 2b902066d53f2a54dbdd165fd3a706ce
    - 35ca62099c8b64f419ddf5dbe3302de2
    - b598f5a165bd3eb4183ed2776d4776d3
    name: View
  m_CurrentViewIndex: 0
  m_TargetSnapshot: {fileID: 24500006}
--- !u!243 &24300002
AudioMixerGroupController:
  m_ObjectHideFlags: 0
  m_CorrespondingSourceObject: {fileID: 0}
  m_PrefabInstance: {fileID: 0}
  m_PrefabAsset: {fileID: 0}
  m_Name: Master
  m_AudioMixer: {fileID: 24100000}
  m_GroupID: 1f7552868b397e141b7a65603eba97e6
  m_Children:
  - {fileID: 243929742855221614}
  - {fileID: 243727297827461190}
  - {fileID: 243099071047237312}
  - {fileID: 243449977232698000}
  m_Volume: 43b5d2761afa4e345823c7e29a22cd1a
  m_Pitch: 24a95d8b097b14c46a3c62fe0f23b730
  m_Effects:
  - {fileID: 24400004}
  m_UserColorIndex: 0
  m_Mute: 0
  m_Solo: 0
  m_BypassEffects: 0
--- !u!244 &24400004
AudioMixerEffectController:
  m_ObjectHideFlags: 3
  m_CorrespondingSourceObject: {fileID: 0}
  m_PrefabInstance: {fileID: 0}
  m_PrefabAsset: {fileID: 0}
  m_Name: 
  m_EffectID: 2e2ff1a6c21209b47a6ae82535f9dbed
  m_EffectName: Attenuation
  m_MixLevel: 6030508725155cd4ab2f3b1d1c27b7c8
  m_Parameters: []
  m_SendTarget: {fileID: 0}
  m_EnableWetMix: 0
  m_Bypass: 0
--- !u!245 &24500006
AudioMixerSnapshotController:
  m_ObjectHideFlags: 0
  m_CorrespondingSourceObject: {fileID: 0}
  m_PrefabInstance: {fileID: 0}
  m_PrefabAsset: {fileID: 0}
  m_Name: Snapshot
  m_AudioMixer: {fileID: 24100000}
  m_SnapshotID: 9ba221c3703534e4e93e8d13c4865a71
  m_FloatValues:
    946870914772f5548abadec4bedd9e56: -37.920486
    53c388d3965d7c7489eaa204d4de4a7a: -19.255655
    43b5d2761afa4e345823c7e29a22cd1a: -10.345207
    b60200e95f53ad84eb5e76ecec58b14f: -19.928473
    82f8ca2a00cc15a4493d4dfd826d0d39: -20.610773
  m_TransitionOverrides: {}
--- !u!243 &243099071047237312
AudioMixerGroupController:
  m_ObjectHideFlags: 0
  m_CorrespondingSourceObject: {fileID: 0}
  m_PrefabInstance: {fileID: 0}
  m_PrefabAsset: {fileID: 0}
  m_Name: GameMusic
  m_AudioMixer: {fileID: 24100000}
  m_GroupID: 283f64bdcedc0b24090ece981038f47a
  m_Children: []
  m_Volume: 946870914772f5548abadec4bedd9e56
  m_Pitch: f422accdcc678fa499ecdf88025465d8
  m_Effects:
  - {fileID: 244849512540427514}
  m_UserColorIndex: 3
  m_Mute: 0
  m_Solo: 0
  m_BypassEffects: 0
--- !u!243 &243449977232698000
AudioMixerGroupController:
  m_ObjectHideFlags: 0
  m_CorrespondingSourceObject: {fileID: 0}
  m_PrefabInstance: {fileID: 0}
  m_PrefabAsset: {fileID: 0}
  m_Name: GameSFX
  m_AudioMixer: {fileID: 24100000}
  m_GroupID: 35ca62099c8b64f419ddf5dbe3302de2
  m_Children: []
  m_Volume: 53c388d3965d7c7489eaa204d4de4a7a
  m_Pitch: e7a3f9c701faa5d4bb1ff538319725e3
  m_Effects:
  - {fileID: 244037776396248106}
  m_UserColorIndex: 3
  m_Mute: 0
  m_Solo: 0
  m_BypassEffects: 0
--- !u!243 &243727297827461190
AudioMixerGroupController:
  m_ObjectHideFlags: 0
  m_CorrespondingSourceObject: {fileID: 0}
  m_PrefabInstance: {fileID: 0}
  m_PrefabAsset: {fileID: 0}
  m_Name: UISFX
  m_AudioMixer: {fileID: 24100000}
  m_GroupID: 2b902066d53f2a54dbdd165fd3a706ce
  m_Children: []
  m_Volume: b60200e95f53ad84eb5e76ecec58b14f
  m_Pitch: 6c53b0c88db9d1442b1d5587b4c00ffe
  m_Effects:
  - {fileID: 244302408200236090}
  m_UserColorIndex: 2
  m_Mute: 0
  m_Solo: 0
  m_BypassEffects: 0
--- !u!243 &243929742855221614
AudioMixerGroupController:
  m_ObjectHideFlags: 0
  m_CorrespondingSourceObject: {fileID: 0}
  m_PrefabInstance: {fileID: 0}
  m_PrefabAsset: {fileID: 0}
  m_Name: StartMusic
  m_AudioMixer: {fileID: 24100000}
  m_GroupID: b598f5a165bd3eb4183ed2776d4776d3
  m_Children: []
  m_Volume: 82f8ca2a00cc15a4493d4dfd826d0d39
  m_Pitch: e3f3ef16262ead441a8603739a853a98
  m_Effects:
  - {fileID: 244308671611602924}
  m_UserColorIndex: 1
  m_Mute: 0
  m_Solo: 0
  m_BypassEffects: 0
--- !u!244 &244037776396248106
AudioMixerEffectController:
  m_ObjectHideFlags: 3
  m_CorrespondingSourceObject: {fileID: 0}
  m_PrefabInstance: {fileID: 0}
  m_PrefabAsset: {fileID: 0}
  m_Name: 
  m_EffectID: a229cc05e96ddb44bb62a9962cbb6866
  m_EffectName: Attenuation
  m_MixLevel: 0721c234231a8d84a8519c9c776ed60f
  m_Parameters: []
  m_SendTarget: {fileID: 0}
  m_EnableWetMix: 0
  m_Bypass: 0
--- !u!244 &244302408200236090
AudioMixerEffectController:
  m_ObjectHideFlags: 3
  m_CorrespondingSourceObject: {fileID: 0}
  m_PrefabInstance: {fileID: 0}
  m_PrefabAsset: {fileID: 0}
  m_Name: 
  m_EffectID: b6ec7eaf53ae31446b1099fa25536dea
  m_EffectName: Attenuation
  m_MixLevel: bf0e080df6d78a24dbf1a6bf5d891de8
  m_Parameters: []
  m_SendTarget: {fileID: 0}
  m_EnableWetMix: 0
  m_Bypass: 0
--- !u!244 &244308671611602924
AudioMixerEffectController:
  m_ObjectHideFlags: 3
  m_CorrespondingSourceObject: {fileID: 0}
  m_PrefabInstance: {fileID: 0}
  m_PrefabAsset: {fileID: 0}
  m_Name: 
  m_EffectID: 44d0cb124675b794c8259b7fe199bfba
  m_EffectName: Attenuation
  m_MixLevel: 27edf8570c5a5da4aadd72963e1e7296
  m_Parameters: []
  m_SendTarget: {fileID: 0}
  m_EnableWetMix: 0
  m_Bypass: 0
--- !u!244 &244849512540427514
AudioMixerEffectController:
  m_ObjectHideFlags: 3
  m_CorrespondingSourceObject: {fileID: 0}
  m_PrefabInstance: {fileID: 0}
  m_PrefabAsset: {fileID: 0}
  m_Name: 
  m_EffectID: 854c6f7368e13b249acd159973a6b2f8
  m_EffectName: Attenuation
  m_MixLevel: 3e0d4f18523aa114a9bc2a7b8cf54bb5
  m_Parameters: []
  m_SendTarget: {fileID: 0}
  m_EnableWetMix: 0
  m_Bypass: 0
